2656 3974
571 223 738 276 -Θ-

145 382 207 471 μὲν
230 381 300 451 οὔτ’
323 383 419 451 αὐτοὶ
442 384 647 470 ἐψηφίσαντο
669 382 811 469 πέμπειν
834 385 911 451 οὔτε
929 389 1087 464 Λατίνοις
1108 387 1165 453 ἐπ-

146 491 288 580 έτρεψαν
320 490 465 577 ἐξάγειν,
496 491 700 578 πρεσβευτὰς
732 487 762 556 δ’
795 488 948 576 ἑλόμενοι
979 504 1083 580 τρεῖς,
1115 489 1165 560 ὧν

144 600 256 684 ήγεῖτο
276 601 419 676 Κόιντος
439 598 567 683 Φάβιος
589 599 608 665 δ
631 599 689 676 τὰς
710 599 793 685 πρὸς
815 601 853 664 τὸ
873 601 974 678 έθνος
992 603 1165 686 συνθήκας

144 706 378 791 ποιησόμενος,
400 703 639 791 <ἀπέστειλαν>
658 704 796 782 ἐντολὰς
814 705 927 784 αὐτοῖς
945 708 1061 784 δόντες
1078 728 1164 773 πυν-

119 813 314 879 εθάνεσθαι
346 814 436 897 παρὰ
462 821 529 878 τῶν
555 809 753 895 ἡγουμένων
780 821 841 878 τοῦ
869 815 1007 897 ἔθνους,
1039 815 1164 900 πότερα

145 928 242 1004 κοινή
270 919 383 1005 γνώμῃ
405 920 445 984 τδι
468 920 629 1005 λῃστήρια
652 917 949 997 ἐξαποστέλλουσιν
972 925 1021 997 είς
1042 943 1077 986 τε
1100 921 1163 1004 τήν

144 1035 212 1091 τῶν
235 1024 418 1110 συμμιίχων
441 1022 496 1090 καὶ
519 1027 567 1102 είς
589 1025 651 1109 τήν
674 1035 742 1090 τῶν
759 1021 929 1110 Ῥωμαίων
951 1035 1016 1112 γῆν
1030 1061 1074 1074 -
1092 1025 1162 1110 ε’γέ-

145 1156 246 1199 νοντο
269 1133 333 1218 γάρ
355 1155 443 1209 τινες
464 1129 520 1199 καὶ
543 1135 591 1210 είς
613 1133 718 1217 αὐτὴν
740 1131 947 1218 καταδρομαὶ
969 1145 1036 1200 τῶν
1055 1135 1163 1218 φυγό-

145 1239 215 1304 δων
241 1275 279 1286 -
305 1238 326 1324 ή
355 1249 422 1305 τῶν
451 1237 687 1327 πραττομένων
716 1239 856 1317 οὐδενός
884 1239 955 1305 ἐστι
981 1243 1019 1307 τὸ
1046 1243 1162 1306 κοινὸν

105 1368 132 1410 ιο
146 1351 267 1411 αἴτιον·
295 1343 350 1411 καὶ
374 1345 433 1412 ἐὰν
455 1355 565 1432 φῶσιν
589 1347 734 1412 ίδιωτῶν
757 1349 837 1433 ἔργα
859 1341 947 1412 εἶναι
969 1347 1013 1431 μή
1037 1345 1160 1433 ἐπιτρέ·

143 1462 270 1530 ψαντος
291 1463 352 1520 τοῦ
375 1454 496 1538 δήμου,
518 1449 612 1518 τόθ’
631 1451 825 1538 ἡρπασμένα
842 1451 992 1519 ἀπαιτεῖν
1010 1452 1066 1520 καὶ
1084 1457 1163 1532 τοὺς

107 1558 390 1646 4έργασαμένους
420 1559 624 1643 τάδικήματα
656 1558 815 1638 ἐκδότους
847 1561 989 1642 [αἰτεῖνλ
1042 1559 1240 1646 &mmo-1913

143 1664 254 1750 μένων
278 1662 316 1731 δὲ
338 1675 405 1732 τῶν
427 1669 652 1754 πρεσβευτῶν·
665 1665 865 1744 ἀκούσαντες
887 1669 965 1744 τοὺς
988 1669 1109 1750 λόγους
1128 1667 1164 1733 ολ

143 1770 288 1838 Αἰκανοὶ
318 1776 459 1856 πλαγίας
490 1772 604 1851 αὐτοῖς
636 1775 758 1840 ἔδοσαν
790 1772 998 1860 ἀποκρίσεις,
1029 1776 1067 1840 τδ
1099 1771 1160 1858 μὲν

104 1899 130 1940 15
144 1881 244 1966 ἐργου
262 1879 325 1946 οὐκ
343 1879 407 1945 ἀπὸ
425 1889 539 1964 κοινῆς
557 1878 709 1964 λέγοντες
727 1880 861 1965 γνώμης
878 1877 1064 1966 γεγονέναι,
1082 1883 1163 1959 τοὺς
1291 1893 1295 1901 ’

145 1982 183 2051 δὲ
206 1986 393 2072 δράσαντας
415 1986 477 2052 οὐκ
499 1985 669 2066 ἀξιοῦντες
691 1987 877 2072 ἐκδιδόναι,
903 1989 1003 2054 πόλιν
1026 1985 1053 2051 τ’
1081 1985 1162 2054 ἀπο-

144 2097 327 2170 λωλεκότας
348 2091 404 2160 καὶ
427 2092 549 2179 ἀλήτας
571 2097 750 2179 γεγονότας
772 2091 919 2180 σιγῶντ’
941 2093 978 2159 ἐν
1001 2102 1041 2180 τῇ
1063 2098 1161 2183 πενίᾳ

108 2203 128 2268 5
144 2197 260 2276 ίκέτας.
292 2195 344 2284 ἐφ’
363 2190 413 2278 οἷς
431 2200 449 2267 δ
466 2200 594 2285 Φάβιος
608 2200 802 2284 ἀγανακτῶν
815 2197 871 2267 καὶ
884 2202 943 2278 τὰς
955 2204 1161 2280 ψευσθείσας

143 2306 225 2392 πρὸς
247 2304 359 2371 αὐτῶν
382 2307 560 2391 ὁμολογίας
582 2306 863 2392 ἀνακαλούμενος,
886 2308 932 2385 ὡς
953 2303 1043 2374 εἶδεν
1064 2309 1160 2392 είρω-

103 2432 130 2474 ιο
144 2408 347 2496 νευομένοος
371 2416 450 2491 τοὺς
472 2417 642 2492 Αἰκανοὺς
663 2411 719 2480 καὶ
741 2416 789 2491 είς
811 2415 940 2499 βουλήν
962 2415 1086 2502 χρόνον
1108 2415 1159 2479 αί-

142 2516 325 2604 τονμένους
361 2519 518 2606 ξενισμοῦ
554 2543 589 2586 τε
623 2521 722 2607 χάριν
758 2519 1008 2608 ἐπικατέχοντας
1043 2518 1159 2606 αὐτόν,

142 2621 301 2709 ὑπέμεινέ
327 2649 363 2691 τε
393 2636 612 2693 κατοπτεῦσαι
646 2627 686 2694 τὰ
718 2626 755 2693 ἐν
787 2636 826 2712 τῇ
858 2630 953 2694 πόλει
984 2627 1159 2714 πράγματα

142 2734 360 2816 βουλόμενος·
383 2728 438 2797 καὶ
462 2730 594 2810 διεξιὼν
613 2732 742 2798 ἅπαντα
765 2735 868 2798 τόπον
888 2733 971 2799 κατὰ
988 2736 1158 2820 πρόφασιν

214 3001 228 3048 1
252 2995 339 3051 verba
361 2993 426 3050 inde
450 2995 486 3049 ab
511 2989 670 3066 ἐπέτρεψαν
693 3012 782 3063 usque
801 2997 838 3051 ad
855 3001 930 3067 τρεῖς
948 3012 1002 3051 om.
1021 2996 1067 3049 Ba
1139 3002 1157 3051 λ

141 3058 280 3138 ἐλόμενοι]
305 3064 436 3137 ἔπεμψαν
461 3082 484 3124 ο.
502 3066 617 3135 Portus,
641 3065 808 3122 ἀπέστειλαν
826 3069 891 3137 post
908 3065 1097 3137 ποιησάμενος
1114 3066 1157 3121 in-

141 3138 289 3192 serendum
312 3155 372 3194 esse
396 3154 420 3192 ο.
440 3137 564 3194 Sintenis
587 3138 648 3193 Em.
670 3139 751 3194 Dion.
770 3137 846 3194 1116
946 3145 962 3194 6
986 3136 1026 3201 είς
1048 3138 1113 3192 add.
1133 3137 1157 3191 B

142 3213 174 3262 12
198 3204 356 3273 *ἐκδότους
374 3206 463 3264 αἰτεῖν
483 3208 505 3264 0
530 3205 551 3265 ἐ.
571 3211 747 3284 παραλαβεῖν
766 3227 789 3265 c.
808 3209 924 3279 Reiskt),
949 3205 970 3266 έ.
990 3209 1070 3333 ἀήειν
1094 3209 1156 3263 Sin-

139 3278 213 3334 teuis
236 3280 297 3335 Em.
316 3281 397 3336 Dion.
416 3279 492 3336 1116
516 3279 605 3338 αἰτεῖν
628 3280 721 3337 delevi
816 3287 849 3336 13
873 3277 903 3336 οί
923 3280 988 3336 add.
1123 3286 1157 3335 14

139 3348 289 3413 πλόναςΒ
310 3352 314 3424 Ι
335 3350 526 3425 ἐδ<ο>οανΒ
612 3358 645 3408 17
666 3347 697 3407 ἐν
715 3356 753 3406 τῶ
771 3352 861 3408 πεδίω
881 3351 903 3408 0
924 3346 955 3406 ἐν
973 3359 1007 3424 τῇ
1025 3352 1112 3426 πενίᾳ
1132 3368 1156 3408 ο.

140 3421 264 3476 Βὶωδουίε
282 3422 343 3478 Em.
362 3423 444 3479 Dion.
464 3423 530 3480 128
640 3431 672 3479 19
693 3407 765 3496 πρός
782 3407 869 3480 αὐτόν
889 3424 911 3478 Ο
931 3423 1002 3496 πρὸς
1019 3423 1113 3479 αὐτῶν
1132 3440 1156 3480 ο.

141 3490 264 3561 Sylburg
337 3501 371 3549 23
390 3495 484 3549 τόπων
503 3495 549 3550 Ba
