2674 3978
576 266 737 314 —z-
1119 262 1161 328 ει

147 422 182 488 ἐν
199 431 246 511 τῷ
265 426 468 509 προσήκοντι
485 427 611 514 κίσμφ,
628 426 781 510 φυλακήν
795 424 955 509 οὐδεμίαν
969 426 1045 511 άχρι
1063 428 1162 493 τοῦδε

145 531 309 613 φαίνεσθε
328 527 553 615 πεποιημένοι.
584 529 639 596 καί
656 528 734 616 περὶ
747 526 809 616 μέν
822 530 918 615 ὑμῶν
932 532 1025 597 οὔπω
1040 533 1163 617 ἔδεισα,
1177 537 1197 602 6

146 637 190 720 μή
214 636 424 722 διαφθαρῆτε
446 637 505 714 τὰς
522 638 673 714 διανοίας
689 637 756 703 ὑπό
772 660 808 702 τε
827 635 992 721 μεγέθους
1009 635 1064 702 καὶ
1081 639 1163 720 πλή-

144 749 232 819 θους
249 741 402 828 ἀμαθῶν,
420 746 456 808 οἳ
470 746 669 831 τυραννίδος
686 767 721 809 τε
734 746 960 829 πολυχρονίου
973 743 1163 830 ἠλευθερώ-

145 873 222 914 κατε
255 851 316 934 τήν
344 853 443 917 πόλιν
475 851 613 937 ἔναγχος
645 848 700 916 καὶ
731 851 825 916 οὔπω
855 852 978 937 σχολήν
1007 848 1162 937 ἐσχήκατε
1189 877 1202 918 ι

145 955 292 1042 ὑβριῖειν
319 955 375 1022 καὶ
404 966 535 1043 τρυφᾶν
563 958 619 1022 διά
647 960 727 1035 τοὺς
754 966 904 1044 συνεχεῖς
932 955 987 1022 καὶ
1017 959 1163 1043 μακροὺς

79 1061 322 1148 ιιιεπολέμους·
350 1061 425 1148 περὶ
448 1061 487 1130 δὲ
509 1075 576 1130 τῶν
598 1061 675 1149 μεθ’
696 1063 782 1148 ὑμᾶς
804 1062 973 1149 ἐσομένων
996 1062 1162 1148 ἐνθυμού-

144 1192 244 1253 μενος
271 1169 351 1246 ὅσας
377 1169 396 1235 δ
423 1171 550 1254 μακρὸς
575 1171 658 1236 αἰὼν
685 1168 779 1256 φέρει
806 1171 990 1255 μεταβολὰς
1016 1168 1162 1256 δέδοικα,

144 1281 189 1359 μή
208 1300 239 1342 τι
258 1277 541 1363 παρακινήσαντες
559 1278 596 1342 οί
611 1275 749 1343 δυνατοὶ
762 1277 843 1362 <οί>
858 1275 895 1342 έκ
907 1286 968 1343 τοῦ
982 1277 1161 1363 συνεδρίου

144 1383 298 1449 λάθωσιν
330 1385 378 1460 είς
411 1387 596 1470 μοναρχίαν
627 1387 664 1451 τὸ
696 1387 877 1466 πολίτευμα
908 1385 1162 1470 περιστήσαντες
1177 1412 1203 1452 ιο

145 1492 358 1574 τυραννικήν.

211 1593 298 1660 LVI.
328 1592 405 1662 Ἐάν
428 1591 491 1663 οὖν
514 1597 738 1682 κοινωνήσητε
761 1594 816 1662 καὶ
839 1605 884 1684 τῷ
905 1597 1000 1685 δήμῳ
1018 1605 1084 1662 τῶν
1102 1617 1161 1661 πο-

144 1701 361 1786 λιτευμάτων,
383 1698 489 1769 οὐθὲν
507 1702 589 1786 ὑμῖν
608 1701 731 1768 ἐνθάδε
753 1703 893 1788 φύσεται
914 1704 1029 1785 κακόν,
1052 1699 1160 1767 άλλ’ὁ

143 1806 248 1874 πλέον
276 1811 364 1893 ἔχειν
392 1820 459 1875 τῶν
482 1810 594 1874 ἄλλων
617 1807 719 1888 ἀξιῶν
741 1807 797 1874 καί
819 1818 877 1893 τῆς
898 1813 1022 1895 βουλής
1043 1823 1161 1894 προσε-

143 1914 376 2000 ταιρισάμενος
389 1917 447 1980 τὸν
461 1919 670 2000 βουλόμενον
684 1925 862 1982 συννοσεῖν
880 1913 936 1981 καὶ
954 1916 1160 1980 συναδικεῖν·
1176 1943 1201 1984 15

142 2021 251 2087 πάντα
278 2022 342 2108 γάρ
370 2022 410 2088 τὰ
432 2024 542 2089 είκότα
565 2024 627 2109 χρή
650 2020 726 2109 περὶ
748 2025 875 2100 πόλεως
897 2018 1162 2106 βουλευομένους

142 2139 316 2215 προνοεῖν·
347 2127 484 2212 κληθείς
510 2128 575 2196 ὑπὸ
603 2139 670 2195 τῶν
698 2129 876 2215 δημάρχων
904 2131 952 2206 είς
973 2130 1010 2194 τὸ
1031 2132 1163 2213 πλῆθος

143 2235 162 2302 ὁ
195 2233 297 2319 μένας
329 2235 456 2312 έκεῖνος
486 2234 542 2301 καί
574 2237 695 2320 σεμνὸς
725 2234 891 2304 ἀποδώσει
919 2244 966 2322 τῷ
993 2236 1087 2324 δήμω
1114 2244 1159 2323 τῷ

141 2343 262 2430 φαύλῳ
281 2340 336 2407 καὶ
354 2351 496 2430 ταπεινῷ
517 2345 619 2426 λόγον
637 2337 686 2408 ὧν
704 2343 838 2428 πράττει
851 2365 886 2407 τε
900 2339 954 2407 καλ
970 2343 1161 2427 διανοεῖται,

143 2448 206 2514 κάν
231 2448 358 2514 ἀδικῶν
380 2452 538 2535 φαίνηται
562 2451 673 2535 δίκης,
699 2443 739 2532 ής
761 2448 803 2514 δν
826 2447 917 2527 άξιος
938 2441 977 2535 ή,
1004 2448 1160 2528 τεύξεται.
1174 2477 1201 2518 ιο
1319 2441 1320 2476 δ

144 2556 246 2622 αὐτὸν
275 2552 313 2620 δέ
339 2557 399 2622 τὸν
421 2557 545 2640 δῆμον,
572 2557 629 2621 ἵνα
651 2556 696 2640 μή
719 2565 830 2644 τρυφᾷ
851 2555 1196 2641 τήλικαύτηςέξου-2

145 2665 217 2740 σίας
240 2664 419 2746 γενόμενος
441 2662 571 2748 κύριος,
600 2659 677 2748 μήδ’
699 2662 765 2728 ὑπὸ
788 2672 856 2728 τῶν
878 2665 1042 2728 κακίστων
1066 2660 1160 2744 έκδη-

75 2769 404 2853 1443μαγωγούμενος
420 2780 492 2846 τοῖς
509 2772 696 2855 κρατίστοις
712 2774 852 2854 πολεμῇ·
871 2766 926 2834 καλ
944 2769 1007 2853 γάρ
1022 2766 1059 2834 έν
1073 2768 1160 2855 δχλφ

143 2880 237 2961 φιλεῖ
262 2878 418 2958 γίνεσθαι
445 2879 615 2961 τυραννίς·
648 2873 787 2961 φυλάξει
812 2898 846 2941 τε
869 2873 925 2940 καί
947 2870 1049 2940 οὐδέν
1072 2872 1161 2939 έάσει

142 2993 349 3069 παρανομεῖν
373 2982 391 3048 ὁ
415 2981 585 3068 διαφέρων
612 2983 774 3068 φρονήσει
801 2979 886 3068 ἀνήρ
915 2980 1076 3066 δικτάτωρ
1098 2976 1158 3065 ὑφ’
1174 3008 1201 3049 ιε

143 3089 239 3173 ὑμῶν
262 3089 424 3174 αίρεθείς,
451 3088 488 3166 ὃς
511 3089 729 3175 αὐτοκράτορι
751 3087 806 3154 καλ
829 3087 1053 3176 ἀνυπευθύνῳ
1076 3087 1160 3173 χρώ.-

214 3321 231 3370 9
251 3313 281 3371 οί
298 3317 361 3372 add.
378 3317 539 3385 Stephanus
595 3323 628 3372 13
646 3318 713 3387 ὑμῖν
732 3316 797 3371 add.
812 3316 836 3371 B
852 3317 857 3387 Ι
874 3310 1019 3371 ένθάδεΟ
1039 3310 1159 3371 ένθένδε

143 3387 266 3457 Slburg
339 3393 372 3442 lb
392 3394 522 3443 συννοεῖν
540 3387 563 3442 Ο
583 3405 653 3442 corr.
671 3385 776 3443 Reiske
851 3394 883 3443 16
901 3387 937 3442 τὰ
955 3404 1009 3442 om.
1028 3388 1054 3440 A
1125 3393 1160 3442 20

141 3406 196 3514 κδν
222 3461 247 3511 A
263 3458 326 3512 *nal
350 3457 405 3514 κάν
429 3458 452 3513 Β
525 3465 558 3513 21
585 3459 670 3514 αὐτὸν
695 3457 726 3514 δέ
749 3458 799 3513 τὸν
821 3458 846 3513 A
873 3459 960 3514 αὐτὸν
982 3457 1014 3513 δὲ
1037 3457 1160 3596 &PB

142 3537 176 3584 24
195 3528 339 3600 φυλάξητε
358 3529 407 3584 καὶ
421 3529 505 3586 οὐδὲν
521 3525 588 3600 έάσή
606 3531 631 3583 Α
684 3535 719 3584 25
738 3527 884 3601 διαφέρων
898 3529 970 3599 ἀνὴρ
986 3548 1059 3599 φρον
1080 3527 1159 3583 σειΒ
