2674 3978
48 3577 50 3582 .
179 3525 324 3594 πενόμενοι
338 3543 361 3580 ο.

187 261 231 325 30
613 267 774 315 -Ζ-

188 424 335 509 μεγάλην
361 425 459 511 χάριν
486 425 598 509 εἰδώς,
627 423 757 490 ἐκείνου
785 426 894 490 δοκῶν
922 419 1009 490 εἶναι
1036 427 1073 491 τὸ
1103 423 1206 491 ἐνθύ-

187 554 278 616 μημα
300 541 361 597 τοῦ
383 535 500 617 νόμον.

253 637 375 704 XVIII.
407 640 504 704 Μετδι
526 648 624 704 τοῦτο
652 636 772 705 πολλαὶ
800 636 856 704 καὶ
882 636 959 723 περὶ
980 643 1114 704 πολλῶν
1138 638 1205 723 ἐγί-

185 767 287 810 νοντο
315 757 384 822 τοῖς
411 745 592 831 δημάρχοις
620 747 703 829 πρὸς
728 748 807 823 τοὺς
833 745 980 822 ὑπάτους
1007 744 1205 829 ἀντιλογίαι,

159 849 241 916 εκαὶ
273 848 351 916 οὔθ’
382 851 400 917 ό
434 853 537 935 δῆμος
566 851 672 917 ὁπόσα
702 851 724 935 ἡ
752 852 858 935 βουλὴ
891 854 1072 937 ψηφίσαιτο
1103 853 1204 938 κύρια

184 957 308 1040 ἡγεῖτο,
331 954 407 1023 οὔθ’
432 951 479 1022 ὑν
503 957 520 1023 ὁ
545 959 648 1042 δῆμος
668 961 764 1042 γνοίη
783 966 823 1044 τῇ
842 961 947 1043 βουλῇ
971 962 1071 1044 φίλον
1094 981 1125 1023 τι
1143 954 1202 1042 ἦν·
1317 1005 1318 1034 ,

186 1061 540 1150 ἀντιπαρατεταγμένοι
567 1061 605 1130 δέ
631 1063 688 1130 καὶ
711 1061 754 1129 δι’
782 1065 926 1144 ὑποψίας
948 1068 1078 1151 ἔχοντες
1100 1063 1274 1149 ἀλλά-1354

186 1174 265 1246 λονς
288 1167 466 1236 διετέλουν.
503 1171 544 1236 ού
568 1172 634 1255 μὴν
656 1175 695 1237 τό
717 1195 755 1254 γε
779 1183 877 1256 μίσος
897 1172 1008 1238 αὑτῶν
1031 1173 1078 1248 είς
1101 1174 1202 1255 ἔργον
1317 1185 1318 1210 ³

184 1297 217 1339 τι
244 1275 425 1359 ἀνήκεστον
454 1276 635 1364 ἐχώρησεν,
667 1269 722 1344 οἷα
750 1277 787 1343 ἐν
813 1288 885 1355 ταῖς
912 1279 1080 1355 τοιαύταις
1107 1284 1204 1362 φιλεῖ
1317 1279 1318 1286 '

145 1363 340 1477 1Ξγίνεσθαι
362 1393 526 1469 ταραχαῖς.
563 1385 640 1449 οὑτε
659 1386 722 1471 γάρ
741 1385 778 1450 οί
792 1383 929 1469 πένητες
947 1383 1001 1450 ἐπὶ
1017 1385 1076 1462 τὰς
1093 1387 1201 1462 οίκίας

185 1489 343 1574 ὥρμησαν
356 1501 423 1555 τῶν
436 1493 618 1575 πλουσίων,
637 1491 722 1555 ἔνθα
740 1490 975 1576 ὑπελάμβανόν
992 1514 1085 1569 τινας
1102 1491 1201 1574 εὑρή-

183 1611 255 1660 σειν
278 1593 494 1678 ἀποκειμένας
515 1597 651 1680 τροφάς,
674 1597 695 1681 ἢ
717 1598 779 1680 τὴν
798 1596 834 1663 ἐν
853 1607 898 1686 τῷ
917 1606 1050 1683 φανερηῖ
1071 1595 1199 1683 ἀγορὰν

183 1700 339 1788 ἁρπάζειν
353 1699 567 1787 ἐπεβάλοντο,
579 1701 649 1768 ἀλλ’
663 1702 884 1787 ὑπομένοντες
899 1704 1059 1769 ὠνεῖσθαι
1070 1707 1199 1770 πολλοῦ

183 1809 347 1894 διαφόρου
371 1808 482 1892 μικρά,
505 1806 560 1873 καὶ
581 1807 672 1875 ὁπότ’
694 1809 930 1896 ἐξαπορηθεῖεν
953 1807 1118 1896 ἀργυρίου
1140 1811 1200 1886 τὰς

144 1936 170 1978 15
184 1912 220 1979 ἐκ
250 1922 310 1998 γῆς
339 1913 429 1999 ῥιζας
460 1937 493 1979 τε
525 1912 580 1979 καὶ
611 1915 755 1999 βοτάνας
787 1917 977 2000 σιτούμενοι
1009 1915 1197 2002 ἠνείχοντο·

183 2017 260 2086 οὔθ’
284 2021 320 2085 οί
339 2021 493 2086 πλούσιοι
516 2022 712 2106 βιασάμενοι
730 2025 808 2099 τοὺς
826 2019 1088 2113 ἀσθενεστέρους
1105 2031 1144 2107 τῇ
1164 2019 1194 2087 τ’

183 2128 288 2214 οἰκεία
310 2126 451 2211 δυνάμει
474 2125 529 2192 καὶ
551 2137 590 2213 τῇ
613 2130 703 2213 παρά
725 2139 793 2194 τῶν
815 2133 966 2194 πελατῶν
988 2133 1093 2214 πολλῇ
1113 2129 1198 2215 ούση

181 2244 356 2318 κατασχεῖν
384 2232 478 2300 αὑτοὶ
505 2236 566 2319 την
593 2239 692 2300 πόλιν
720 2233 864 2319 ἠξίωσαν
896 2237 974 2313 τοὺς
1001 2231 1064 2318 μέν
1090 2234 1199 2312 ἐξελά-

183 2353 298 2414 σαντες
317 2337 350 2417 έξ
369 2340 482 2424 αὐτῆς,
504 2344 581 2418 τοὺς
599 2339 632 2407 δ’
656 2341 919 2426 ἀποκτείναντες,
940 2340 1025 2407 ἀλλὰ
1043 2339 1199 2426 διέμενον

141 2467 168 2508 εο
182 2444 291 2530 ὥσπερ
311 2445 347 2510 οί
362 2445 616 2532 σωφρονέστατα
633 2452 884 2532 πολιτευόμενοι
905 2450 988 2535 πρὸς
1005 2451 1084 2525 τοὺς
1101 2449 1266 2526 υίαὺςιασο

181 2549 318 2637 πατέρες
352 2551 516 2640 εὑνοούση
550 2553 605 2618 καὶ
638 2553 805 2640 κηδομένη
839 2563 878 2640 τῇ
911 2555 994 2640 ὀργῇ
1025 2557 1108 2638 πρὸς
1138 2555 1198 2631 τάς

145 2657 370 2743 3διμαρτάδας
392 2658 503 2723 αὐτῶν
525 2660 698 2744 χρώμενοι.
733 2662 888 2744 τοιαύτης
911 2656 948 2726 δέ
971 2660 1198 2738 καταστάσεως

181 2764 283 2848 οὑσης
305 2761 381 2850 περὶ
402 2764 464 2848 τὴν
482 2762 609 2848 Ῥώμην
627 2766 664 2830 αί
679 2769 904 2851 πλησιόχωροι
921 2769 1034 2858 πόλεις
1053 2765 1195 2832 ἐκάλουν

180 2873 258 2947 τοὺς
284 2867 511 2955 βουλομένους
538 2872 643 2936 οίκεῖν
670 2874 759 2957 παρά
787 2876 882 2956 σφίσι
905 2871 1074 2957 Ῥωμαίων
1101 2867 1195 2938 πολι·
1250 2949 1253 2955 ¹

141 2997 166 3038 ει
180 2981 267 3054 τείας
293 3000 328 3042 τε
355 2978 529 3062 μεταδόσει
559 2975 615 3042 καὶ
647 2978 757 3043 ἀλλων
785 2980 1036 3063 φιλανθρώπων
1065 2979 1196 3045 ἐλπίσιν

180 3083 398 3168 ὑπαγόμεναι,
421 3085 459 3148 αί
478 3081 539 3168 μέν
560 3083 624 3150 ἀπὸ
647 3094 707 3150 τοῦ
730 3088 903 3170 βελτίστου
928 3083 971 3151 δι’
998 3086 1135 3152 εύυοιάν
1158 3110 1194 3152 τε

252 3245 268 3292 6
288 3240 382 3308 φίλιον
402 3240 424 3294 O
444 3243 527 3310 φίλον
546 3241 635 3297 Cobet
653 3241 719 3297 obs.
737 3261 764 3312 p.
781 3247 832 3296 139
887 3248 903 3296 9
923 3242 1079 3310 ἀνήκεστόν
1097 3263 1124 3297 τι
1142 3243 1165 3296 Β
1186 3243 1191 3316 Ι

181 3308 239 3382 οἷα]
259 3307 289 3365 οῖ
304 3307 333 3363 δ’
355 3310 399 3366 Ba
491 3319 522 3367 12
542 3315 644 3368 ἀποκει
659 3357 664 3368 .
681 3312 768 3383 μένας
786 3313 809 3367 Β
834 3315 918 3367 auto
942 3318 991 3367 aut
1010 3333 1026 3368 ο
1044 3313 1101 3369 litt.
1121 3331 1192 3370 eras,

181 3387 215 3438 15
233 3383 248 3416 *
267 3381 455 3451 ἀνείχοντοΟ
479 3386 585 3438 correxi
676 3392 707 3438 17
727 3382 796 3454 παρ’
818 3386 911 3439 αὑτῶν
936 3389 1023 3456 πολλῇ
1041 3385 1067 3437 Α
1156 3390 1192 3438 20

179 3451 402 3578 πολιτευόμενοχ]
424 3456 627 3537 παιδευόμενοι
649 3457 714 3518 τοὺς
737 3454 816 3517 νλοὺς
838 3473 861 3512 ο.
880 3455 1025 3524 Kiessling
1047 3457 1192 3545 διητιπολι-

398 3542 479 3594 aysor
491 3527 564 3582 Ann.
578 3526 647 3596 phll.
659 3533 727 3583 1868
741 3545 769 3596 p.
778 3532 830 3580 813
894 3534 927 3582 λῶ
942 3525 1132 3601 μ<ετ>αδοσει
1142 3526 1190 3580 Bb
