<?xml version="1.0" encoding="UTF-8"?>
<!DOCTYPE html PUBLIC "-//W3C//DTD XHTML 1.0 Transitional//EN"
    "http://www.w3.org/TR/xhtml1/DTD/xhtml1-transitional.dtd">
<html xmlns="http://www.w3.org/1999/xhtml" xml:lang="en" lang="en">
 <head>
  <title>
</title>
<meta http-equiv="Content-Type" content="text/html;charset=utf-8" />
  <meta name='ocr-system' content='tesseract 3.04.00' />
  <meta name='ocr-capabilities' content='ocr_page ocr_carea ocr_par ocr_line ocrx_word'/>
</head>
<body>
  <div class='ocr_page' id='page_1' title='image "./dionysihalicarn00unkngoog_0326.png"; bbox 0 0 2656 3974; ppageno 0'>
   <div class='ocr_carea' id='block_1_1' title="bbox 194 221 784 287">
    <p class='ocr_par' dir='ltr' id='par_1_1' title="bbox 194 221 784 287">
     <span class='ocr_line' id='line_1_1' title="bbox 194 221 784 287; baseline 0 0"><span class='ocrx_word' id='word_1_1' title='bbox 194 223 259 287; x_wconf 87' lang='lat'><em>308</em></span> <span class='ocrx_word' id='word_1_2' title='bbox 616 221 784 273; x_wconf 84' lang='grc' dir='ltr'><em>-Θ-</em></span> 
     </span>
    </p>
   </div>
   <div class='ocr_carea' id='block_1_2' title="bbox 167 383 1280 1004">
    <p class='ocr_par' dir='ltr' id='par_1_2' title="bbox 167 383 1280 1004">
     <span class='ocr_line' id='line_1_2' title="bbox 190 383 1209 468; baseline -0.002 -17"><span class='ocrx_word' id='word_1_3' title='bbox 190 390 269 463; x_wconf 86' lang='grc' dir='ltr'><em>τοὺς</em></span> <span class='ocrx_word' id='word_1_4' title='bbox 291 383 356 451; x_wconf 87' lang='grc' dir='ltr'><em>ὑπὸ</em></span> <span class='ocrx_word' id='word_1_5' title='bbox 379 394 451 461; x_wconf 76' lang='grc' dir='ltr'><em>ταῖς</em></span> <span class='ocrx_word' id='word_1_6' title='bbox 473 387 628 468; x_wconf 79' lang='grc' dir='ltr'><strong><em>σημαίαις</em></strong></span> <span class='ocrx_word' id='word_1_7' title='bbox 649 383 830 460; x_wconf 77' lang='grc' dir='ltr'><em>τοσούτους</em></span> <span class='ocrx_word' id='word_1_8' title='bbox 850 383 978 468; x_wconf 77' lang='grc' dir='ltr'><em>ἄνδρας</em></span> <span class='ocrx_word' id='word_1_9' title='bbox 1000 384 1048 459; x_wconf 84' lang='grc' dir='ltr'><em>είς</em></span> <span class='ocrx_word' id='word_1_10' title='bbox 1068 384 1131 466; x_wconf 80' lang='grc' dir='ltr'><em>τὴν</em></span> <span class='ocrx_word' id='word_1_11' title='bbox 1149 385 1209 449; x_wconf 89' lang='grc' dir='ltr'><em>πό-</em></span> 
     </span>
     <span class='ocr_line' id='line_1_3' title="bbox 192 486 1209 578; baseline -0.003 -21"><span class='ocrx_word' id='word_1_12' title='bbox 192 498 248 559; x_wconf 95' lang='grc' dir='ltr'><em>λιν</em></span> <span class='ocrx_word' id='word_1_13' title='bbox 271 489 490 578; x_wconf 78' lang='grc' dir='ltr'><strong><em>ἀναστρέφειν</em></strong></span> <span class='ocrx_word' id='word_1_14' title='bbox 513 491 594 555; x_wconf 83' lang='grc' dir='ltr'><em>ἀνευ</em></span> <span class='ocrx_word' id='word_1_15' title='bbox 617 493 829 575; x_wconf 80' lang='grc' dir='ltr'><em>ψηφίσματος</em></span> <span class='ocrx_word' id='word_1_16' title='bbox 851 492 987 574; x_wconf 79' lang='grc' dir='ltr'><em>βουλῆς,</em></span> <span class='ocrx_word' id='word_1_17' title='bbox 1011 486 1209 574; x_wconf 72' lang='grc' dir='ltr'><em>δυναμένων</em></span> 
     </span>
     <span class='ocr_line' id='line_1_4' title="bbox 193 593 1210 686; baseline -0.005 -20"><span class='ocrx_word' id='word_1_18' title='bbox 193 610 260 666; x_wconf 82' lang='grc' dir='ltr'><em>τῶν</em></span> <span class='ocrx_word' id='word_1_19' title='bbox 279 600 476 686; x_wconf 80' lang='grc' dir='ltr'><em>ίερουργιῶν</em></span> <span class='ocrx_word' id='word_1_20' title='bbox 494 594 551 662; x_wconf 80' lang='grc' dir='ltr'><em>καὶ</em></span> <span class='ocrx_word' id='word_1_21' title='bbox 569 593 614 661; x_wconf 72' lang='grc' dir='ltr'><em>δι’</em></span> <span class='ocrx_word' id='word_1_22' title='bbox 632 593 753 683; x_wconf 88' lang='grc' dir='ltr'><em>έτέρων</em></span> <span class='ocrx_word' id='word_1_23' title='bbox 768 595 1019 681; x_wconf 75' lang='grc' dir='ltr'><em>ἐπιτελεσθῆναι</em></span> <span class='ocrx_word' id='word_1_24' title='bbox 1036 606 1104 661; x_wconf 81' lang='grc' dir='ltr'><em>τῶν</em></span> <span class='ocrx_word' id='word_1_25' title='bbox 1118 619 1210 681; x_wconf 87' lang='grc' dir='ltr'><em>μετε-</em></span> 
     </span>
     <span class='ocr_line' id='line_1_5' title="bbox 193 699 1210 793; baseline -0.004 -21"><span class='ocrx_word' id='word_1_26' title='bbox 193 710 322 793; x_wconf 91' lang='grc' dir='ltr'><em>χόντων</em></span> <span class='ocrx_word' id='word_1_27' title='bbox 345 702 406 792; x_wconf 76' lang='grc' dir='ltr'><em>μέν</em></span> <span class='ocrx_word' id='word_1_28' title='bbox 429 714 490 773; x_wconf 84' lang='grc' dir='ltr'><em>τοῦ</em></span> <span class='ocrx_word' id='word_1_29' title='bbox 513 705 617 772; x_wconf 85' lang='grc' dir='ltr'><em>αὐτοῦ</em></span> <span class='ocrx_word' id='word_1_30' title='bbox 640 702 776 788; x_wconf 80' lang='grc' dir='ltr'><em>γένους,</em></span> <span class='ocrx_word' id='word_1_31' title='bbox 800 706 1056 788; x_wconf 76' lang='grc' dir='ltr'><em>προβεβηκότων</em></span> <span class='ocrx_word' id='word_1_32' title='bbox 1080 699 1117 768; x_wconf 75' lang='grc' dir='ltr'><em>δέ</em></span> <span class='ocrx_word' id='word_1_33' title='bbox 1140 714 1210 780; x_wconf 78' lang='grc' dir='ltr'><em>ταῖς</em></span> 
     </span>
     <span class='ocr_line' id='line_1_6' title="bbox 167 809 1210 896; baseline -0.002 -20"><span class='ocrx_word' id='word_1_34' title='bbox 167 813 349 896; x_wconf 83' lang='grc' dir='ltr'><em>ιὴλικίαις·</em></span> <span class='ocrx_word' id='word_1_35' title='bbox 373 809 442 878; x_wconf 75' lang='grc' dir='ltr'><em>οὔτ’</em></span> <span class='ocrx_word' id='word_1_36' title='bbox 466 813 498 876; x_wconf 88' lang='grc' dir='ltr'><em>εί</em></span> <span class='ocrx_word' id='word_1_37' title='bbox 518 811 639 889; x_wconf 89' lang='grc' dir='ltr'><em>πάντες</em></span> <span class='ocrx_word' id='word_1_38' title='bbox 661 809 915 895; x_wconf 79' lang='grc' dir='ltr'><strong><em>ἀπεληλύθεσαν</em></strong></span> <span class='ocrx_word' id='word_1_39' title='bbox 938 809 976 875; x_wconf 77' lang='grc' dir='ltr'><em>ἐκ</em></span> <span class='ocrx_word' id='word_1_40' title='bbox 998 818 1055 893; x_wconf 78' lang='grc' dir='ltr'><em>τῆς</em></span> <span class='ocrx_word' id='word_1_41' title='bbox 1071 811 1210 893; x_wconf 87' lang='grc' dir='ltr'><em>πόλεως,</em></span> 
     </span>
     <span class='ocr_line' id='line_1_7' title="bbox 193 910 1280 1004; baseline -0.003 -19"><span class='ocrx_word' id='word_1_42' title='bbox 193 916 250 985; x_wconf 84' lang='grc' dir='ltr'><em>καὶ</em></span> <span class='ocrx_word' id='word_1_43' title='bbox 277 920 420 1003; x_wconf 78' lang='grc' dir='ltr'><em>μηδεμία</em></span> <span class='ocrx_word' id='word_1_44' title='bbox 446 928 547 1004; x_wconf 84' lang='grc' dir='ltr'><em>μοίρα</em></span> <span class='ocrx_word' id='word_1_45' title='bbox 573 926 634 985; x_wconf 86' lang='grc' dir='ltr'><em>τοῦ</em></span> <span class='ocrx_word' id='word_1_46' title='bbox 664 920 802 1002; x_wconf 84' lang='grc' dir='ltr'><strong><em>Φαβίων</em></strong></span> <span class='ocrx_word' id='word_1_47' title='bbox 830 915 948 1001; x_wconf 81' lang='grc' dir='ltr'><em>γένους</em></span> <span class='ocrx_word' id='word_1_48' title='bbox 975 915 1013 982; x_wconf 79' lang='grc' dir='ltr'><em>ἐν</em></span> <span class='ocrx_word' id='word_1_49' title='bbox 1039 910 1110 992; x_wconf 88' lang='grc' dir='ltr'><em>τοίς</em></span> <span class='ocrx_word' id='word_1_50' title='bbox 1137 915 1280 1001; x_wconf 52' lang='lat' dir='ltr'><em>&amp;vs-1795</em></span> 
     </span>
    </p>
   </div>
   <div class='ocr_carea' id='block_1_3' title="bbox 156 1017 1291 3241">
    <p class='ocr_par' dir='ltr' id='par_1_3' title="bbox 194 1017 1211 1324">
     <span class='ocr_line' id='line_1_8' title="bbox 195 1017 1210 1108; baseline 0 -19"><span class='ocrx_word' id='word_1_51' title='bbox 195 1028 300 1102; x_wconf 91' lang='grc' dir='ltr'><em>στίοις</em></span> <span class='ocrx_word' id='word_1_52' title='bbox 323 1024 527 1108; x_wconf 84' lang='grc' dir='ltr'><em>ὑπελείπετο,</em></span> <span class='ocrx_word' id='word_1_53' title='bbox 550 1023 675 1101; x_wconf 86' lang='grc' dir='ltr'><em>πάντας</em></span> <span class='ocrx_word' id='word_1_54' title='bbox 697 1026 784 1100; x_wconf 86' lang='grc' dir='ltr'><em>εἰκὸς</em></span> <span class='ocrx_word' id='word_1_55' title='bbox 802 1017 845 1106; x_wconf 66' lang='grc' dir='ltr'><em>ἦν</em></span> <span class='ocrx_word' id='word_1_56' title='bbox 863 1025 941 1100; x_wconf 83' lang='grc' dir='ltr'><em>τοὺς</em></span> <span class='ocrx_word' id='word_1_57' title='bbox 958 1020 1156 1108; x_wconf 81' lang='grc' dir='ltr'><em>κατέχοντας</em></span> <span class='ocrx_word' id='word_1_58' title='bbox 1171 1025 1210 1089; x_wconf 87' lang='grc' dir='ltr'><em>τὸ</em></span> 
     </span>
     <span class='ocr_line' id='line_1_9' title="bbox 194 1127 1211 1218; baseline -0.003 -21"><span class='ocrx_word' id='word_1_59' title='bbox 194 1132 360 1218; x_wconf 84' lang='grc' dir='ltr'><em>φρούριον</em></span> <span class='ocrx_word' id='word_1_60' title='bbox 384 1129 530 1198; x_wconf 81' lang='grc' dir='ltr'><em>έκλιπείν</em></span> <span class='ocrx_word' id='word_1_61' title='bbox 549 1131 653 1198; x_wconf 80' lang='grc' dir='ltr'><em>αὐτοῦ</em></span> <span class='ocrx_word' id='word_1_62' title='bbox 672 1133 733 1215; x_wconf 74' lang='grc' dir='ltr'><em>τὴν</em></span> <span class='ocrx_word' id='word_1_63' title='bbox 751 1132 918 1216; x_wconf 81' lang='grc' dir='ltr'><em>φυλακήν·</em></span> <span class='ocrx_word' id='word_1_64' title='bbox 941 1131 1067 1214; x_wconf 76' lang='grc' dir='ltr'><em>ἤρκουν</em></span> <span class='ocrx_word' id='word_1_65' title='bbox 1085 1130 1149 1216; x_wconf 80' lang='grc' dir='ltr'><em>γάρ</em></span> <span class='ocrx_word' id='word_1_66' title='bbox 1168 1127 1211 1194; x_wconf 83' lang='grc' dir='ltr'><em>άν</em></span> 
     </span>
     <span class='ocr_line' id='line_1_10' title="bbox 195 1233 1211 1324; baseline -0.001 -22"><span class='ocrx_word' id='word_1_67' title='bbox 195 1235 249 1302; x_wconf 77' lang='grc' dir='ltr'><em>καὶ</em></span> <span class='ocrx_word' id='word_1_68' title='bbox 276 1248 366 1323; x_wconf 68' lang='grc' dir='ltr'><em>τρεῖς</em></span> <span class='ocrx_word' id='word_1_69' title='bbox 388 1237 408 1322; x_wconf 76' lang='grc' dir='ltr'><strong><em>ἢ</em></strong></span> <span class='ocrx_word' id='word_1_70' title='bbox 432 1236 580 1324; x_wconf 81' lang='grc' dir='ltr'><em>τέτταρες</em></span> <span class='ocrx_word' id='word_1_71' title='bbox 608 1233 804 1323; x_wconf 86' lang='grc' dir='ltr'><em>ἀφικόμενοι</em></span> <span class='ocrx_word' id='word_1_72' title='bbox 832 1234 1026 1302; x_wconf 81' lang='grc' dir='ltr'><em>συντελέσαι</em></span> <span class='ocrx_word' id='word_1_73' title='bbox 1052 1234 1211 1320; x_wconf 83' lang='grc' dir='ltr'><em>περὶτοῦ</em></span> 
     </span>
    </p>

    <p class='ocr_par' dir='ltr' id='par_1_4' title="bbox 156 1340 1213 1536">
     <span class='ocr_line' id='line_1_11' title="bbox 156 1340 1213 1430; baseline 0.002 -25"><span class='ocrx_word' id='word_1_74' title='bbox 156 1366 183 1407; x_wconf 87' lang='lat'><em>10</em></span> <span class='ocrx_word' id='word_1_75' title='bbox 196 1341 315 1428; x_wconf 80' lang='grc' dir='ltr'><em>γένους</em></span> <span class='ocrx_word' id='word_1_76' title='bbox 341 1345 422 1411; x_wconf 80' lang='grc' dir='ltr'><em>ὅλου</em></span> <span class='ocrx_word' id='word_1_77' title='bbox 450 1346 490 1410; x_wconf 80' lang='grc' dir='ltr'><em>τά</em></span> <span class='ocrx_word' id='word_1_78' title='bbox 519 1345 600 1430; x_wconf 81' lang='grc' dir='ltr'><em>ἱερά.</em></span> <span class='ocrx_word' id='word_1_79' title='bbox 646 1345 703 1409; x_wconf 72' lang='grc' dir='ltr'><em>διὰ</em></span> <span class='ocrx_word' id='word_1_80' title='bbox 729 1340 792 1429; x_wconf 76' lang='grc' dir='ltr'><em>μέν</em></span> <span class='ocrx_word' id='word_1_81' title='bbox 819 1344 861 1426; x_wconf 77' lang='grc' dir='ltr'><em>δὴ</em></span> <span class='ocrx_word' id='word_1_82' title='bbox 884 1343 1083 1420; x_wconf 80' lang='grc' dir='ltr'><em>ταύταςτὰς</em></span> <span class='ocrx_word' id='word_1_83' title='bbox 1105 1345 1213 1420; x_wconf 81' lang='grc' dir='ltr'><em>αἰτίας</em></span> 
     </span>
     <span class='ocr_line' id='line_1_12' title="bbox 197 1446 872 1536; baseline -0.001 -21"><span class='ocrx_word' id='word_1_84' title='bbox 197 1451 259 1516; x_wconf 86' lang='grc' dir='ltr'><em>οὐκ</em></span> <span class='ocrx_word' id='word_1_85' title='bbox 282 1449 378 1529; x_wconf 79' lang='grc' dir='ltr'><em>ἔδοξέ</em></span> <span class='ocrx_word' id='word_1_86' title='bbox 397 1474 454 1536; x_wconf 92' lang='grc' dir='ltr'><em>μοι</em></span> <span class='ocrx_word' id='word_1_87' title='bbox 476 1454 591 1528; x_wconf 88' lang='grc' dir='ltr'><em>πιστὸς</em></span> <span class='ocrx_word' id='word_1_88' title='bbox 613 1446 699 1516; x_wconf 78' lang='grc' dir='ltr'><em>εἶναι</em></span> <span class='ocrx_word' id='word_1_89' title='bbox 723 1451 741 1516; x_wconf 87' lang='grc' dir='ltr'>ὁ</span> <span class='ocrx_word' id='word_1_90' title='bbox 765 1452 872 1533; x_wconf 93' lang='grc' dir='ltr'><em>λόγος.</em></span> 
     </span>
    </p>

    <p class='ocr_par' dir='ltr' id='par_1_5' title="bbox 196 1551 1215 1858">
     <span class='ocr_line' id='line_1_13' title="bbox 263 1551 1212 1645; baseline 0.001 -24"><span class='ocrx_word' id='word_1_91' title='bbox 263 1557 334 1623; x_wconf 89' lang='lat' dir='ltr'><em>XX.</em></span> <span class='ocrx_word' id='word_1_92' title='bbox 370 1556 405 1621; x_wconf 85' lang='lat'><em>‘0</em></span> <span class='ocrx_word' id='word_1_93' title='bbox 437 1555 468 1623; x_wconf 73' lang='grc' dir='ltr'><em>θ’</em></span> <span class='ocrx_word' id='word_1_94' title='bbox 496 1557 622 1645; x_wconf 80' lang='grc' dir='ltr'><em>ἕτερος,</em></span> <span class='ocrx_word' id='word_1_95' title='bbox 654 1557 694 1623; x_wconf 83' lang='grc' dir='ltr'><em>ὃν</em></span> <span class='ocrx_word' id='word_1_96' title='bbox 722 1554 947 1642; x_wconf 83' lang='grc' dir='ltr'><em>ἀληθέστερον</em></span> <span class='ocrx_word' id='word_1_97' title='bbox 976 1551 1061 1622; x_wconf 80' lang='grc' dir='ltr'><em>εἶναι</em></span> <span class='ocrx_word' id='word_1_98' title='bbox 1089 1559 1212 1641; x_wconf 84' lang='grc' dir='ltr'><em>νομίζω</em></span> 
     </span>
     <span class='ocr_line' id='line_1_14' title="bbox 196 1661 1215 1750; baseline -0.001 -22"><span class='ocrx_word' id='word_1_99' title='bbox 196 1666 277 1748; x_wconf 88' lang='grc' dir='ltr'><em>περί</em></span> <span class='ocrx_word' id='word_1_100' title='bbox 299 1687 334 1728; x_wconf 92' lang='grc' dir='ltr'><em>τε</em></span> <span class='ocrx_word' id='word_1_101' title='bbox 361 1673 419 1749; x_wconf 80' lang='grc' dir='ltr'><em>τῆς</em></span> <span class='ocrx_word' id='word_1_102' title='bbox 447 1664 611 1743; x_wconf 79' lang='grc' dir='ltr'><em>ἀπωλείας</em></span> <span class='ocrx_word' id='word_1_103' title='bbox 637 1675 705 1731; x_wconf 82' lang='grc' dir='ltr'><em>τῶν</em></span> <span class='ocrx_word' id='word_1_104' title='bbox 734 1663 868 1750; x_wconf 80' lang='grc' dir='ltr'><em>ἀνδρῶν</em></span> <span class='ocrx_word' id='word_1_105' title='bbox 896 1661 952 1728; x_wconf 81' lang='grc' dir='ltr'><em>καὶ</em></span> <span class='ocrx_word' id='word_1_106' title='bbox 979 1671 1037 1747; x_wconf 80' lang='grc' dir='ltr'><em>τῆς</em></span> <span class='ocrx_word' id='word_1_107' title='bbox 1059 1661 1215 1740; x_wconf 82' lang='grc' dir='ltr'><strong><em>ἁλώσεως</em></strong></span> 
     </span>
     <span class='ocr_line' id='line_1_15' title="bbox 197 1765 1214 1858; baseline -0.001 -24"><span class='ocrx_word' id='word_1_108' title='bbox 197 1779 258 1837; x_wconf 87' lang='grc' dir='ltr'><em>τοῦ</em></span> <span class='ocrx_word' id='word_1_109' title='bbox 289 1775 473 1858; x_wconf 84' lang='grc' dir='ltr'><em>φρουρίου,</em></span> <span class='ocrx_word' id='word_1_110' title='bbox 504 1773 635 1838; x_wconf 72' lang='grc' dir='ltr'><em>τοιόσδε</em></span> <span class='ocrx_word' id='word_1_111' title='bbox 662 1773 712 1848; x_wconf 89' lang='grc' dir='ltr'><em>τίς</em></span> <span class='ocrx_word' id='word_1_112' title='bbox 738 1769 838 1836; x_wconf 80' lang='grc' dir='ltr'><em>ἐστιν.</em></span> <span class='ocrx_word' id='word_1_113' title='bbox 889 1768 1046 1848; x_wconf 79' lang='grc' dir='ltr'><em>ἐξιόντων</em></span> <span class='ocrx_word' id='word_1_114' title='bbox 1074 1765 1129 1834; x_wconf 79' lang='grc' dir='ltr'><em>ἐπὶ</em></span> <span class='ocrx_word' id='word_1_115' title='bbox 1154 1769 1214 1846; x_wconf 86' lang='grc' dir='ltr'><em>τάς</em></span> 
     </span>
    </p>

    <p class='ocr_par' dir='ltr' id='par_1_6' title="bbox 160 1874 1218 2389">
     <span class='ocr_line' id='line_1_16' title="bbox 160 1874 1214 1964; baseline 0.003 -26"><span class='ocrx_word' id='word_1_116' title='bbox 160 1897 184 1939; x_wconf 86' lang='lat'><em>15</em></span> <span class='ocrx_word' id='word_1_117' title='bbox 198 1879 368 1964; x_wconf 80' lang='grc' dir='ltr'><em>προνομὰς</em></span> <span class='ocrx_word' id='word_1_118' title='bbox 389 1888 456 1944; x_wconf 77' lang='grc' dir='ltr'><em>τῶν</em></span> <span class='ocrx_word' id='word_1_119' title='bbox 479 1877 614 1964; x_wconf 73' lang='grc' dir='ltr'><em>ἀνδρῶν</em></span> <span class='ocrx_word' id='word_1_120' title='bbox 636 1877 796 1954; x_wconf 74' lang='grc' dir='ltr'><em>πολλάκις</em></span> <span class='ocrx_word' id='word_1_121' title='bbox 817 1874 873 1942; x_wconf 85' lang='grc' dir='ltr'><em>καὶ</em></span> <span class='ocrx_word' id='word_1_122' title='bbox 892 1877 948 1942; x_wconf 78' lang='grc' dir='ltr'><em>διὰ</em></span> <span class='ocrx_word' id='word_1_123' title='bbox 966 1877 1003 1942; x_wconf 89' lang='grc' dir='ltr'><em>τὸ</em></span> <span class='ocrx_word' id='word_1_124' title='bbox 1021 1881 1214 1962; x_wconf 74' lang='grc' dir='ltr'><em>κατορθοῦν</em></span> 
     </span>
     <span class='ocr_line' id='line_1_17' title="bbox 199 1979 1217 2072; baseline -0.002 -22"><span class='ocrx_word' id='word_1_125' title='bbox 199 1983 236 2050; x_wconf 90' lang='grc' dir='ltr'><em>έν</em></span> <span class='ocrx_word' id='word_1_126' title='bbox 258 1994 331 2062; x_wconf 76' lang='grc' dir='ltr'><em>ταῖς</em></span> <span class='ocrx_word' id='word_1_127' title='bbox 352 1987 481 2072; x_wconf 90' lang='grc' dir='ltr'><em>πείραις</em></span> <span class='ocrx_word' id='word_1_128' title='bbox 504 1993 650 2071; x_wconf 79' lang='grc' dir='ltr'><em>συνεχῶς</em></span> <span class='ocrx_word' id='word_1_129' title='bbox 672 1979 871 2071; x_wconf 77' lang='grc' dir='ltr'><em>προσωτέρω</em></span> <span class='ocrx_word' id='word_1_130' title='bbox 893 1982 1162 2069; x_wconf 77' lang='grc' dir='ltr'><em>προχωρούντων</em></span> <span class='ocrx_word' id='word_1_131' title='bbox 1180 1983 1217 2048; x_wconf 87' lang='grc' dir='ltr'><em>οί</em></span> 
     </span>
     <span class='ocr_line' id='line_1_18' title="bbox 203 2087 1216 2177; baseline -0.001 -22"><span class='ocrx_word' id='word_1_132' title='bbox 203 2089 371 2177; x_wconf 80' lang='grc' dir='ltr'><em>Τυρρηνοί</em></span> <span class='ocrx_word' id='word_1_133' title='bbox 402 2088 705 2177; x_wconf 82' lang='grc' dir='ltr'><em>παρεσκευασμένοι</em></span> <span class='ocrx_word' id='word_1_134' title='bbox 735 2090 891 2177; x_wconf 78' lang='grc' dir='ltr'><em>στρατιάν</em></span> <span class='ocrx_word' id='word_1_135' title='bbox 921 2089 1048 2175; x_wconf 78' lang='grc' dir='ltr'><em>συχνὴν</em></span> <span class='ocrx_word' id='word_1_136' title='bbox 1078 2087 1116 2154; x_wconf 83' lang='grc' dir='ltr'><em>έν</em></span> <span class='ocrx_word' id='word_1_137' title='bbox 1146 2100 1216 2166; x_wconf 86' lang='grc' dir='ltr'><em>τοίς</em></span> 
     </span>
     <span class='ocr_line' id='line_1_19' title="bbox 200 2198 1216 2285; baseline 0 -23"><span class='ocrx_word' id='word_1_138' title='bbox 200 2198 333 2281; x_wconf 84' lang='grc' dir='ltr'><em>ἔγγιστα</em></span> <span class='ocrx_word' id='word_1_139' title='bbox 360 2201 494 2285; x_wconf 85' lang='grc' dir='ltr'><em>χωρίοις</em></span> <span class='ocrx_word' id='word_1_140' title='bbox 516 2200 677 2274; x_wconf 85' lang='grc' dir='ltr'><em>λαθόντες</em></span> <span class='ocrx_word' id='word_1_141' title='bbox 699 2199 778 2274; x_wconf 85' lang='grc' dir='ltr'><em>τοὺς</em></span> <span class='ocrx_word' id='word_1_142' title='bbox 799 2199 979 2281; x_wconf 89' lang='grc' dir='ltr'><em>πολεμίους</em></span> <span class='ocrx_word' id='word_1_143' title='bbox 1000 2212 1216 2281; x_wconf 88' lang='grc' dir='ltr'><em>κατεστρατο-</em></span> 
     </span>
     <span class='ocr_line' id='line_1_20' title="bbox 199 2300 1218 2389; baseline 0.003 -23"><span class='ocrx_word' id='word_1_144' title='bbox 199 2301 374 2370; x_wconf 77' lang='grc' dir='ltr'><em>πέδευσαν.</em></span> <span class='ocrx_word' id='word_1_145' title='bbox 419 2300 518 2370; x_wconf 78' lang='grc' dir='ltr'><em>ἔπειτ’</em></span> <span class='ocrx_word' id='word_1_146' title='bbox 544 2300 800 2380; x_wconf 81' lang='grc' dir='ltr'><em>ἀποστέλλοντες</em></span> <span class='ocrx_word' id='word_1_147' title='bbox 827 2302 863 2369; x_wconf 86' lang='grc' dir='ltr'><em>έκ</em></span> <span class='ocrx_word' id='word_1_148' title='bbox 890 2313 957 2368; x_wconf 81' lang='grc' dir='ltr'><em>τῶν</em></span> <span class='ocrx_word' id='word_1_149' title='bbox 985 2306 1116 2389; x_wconf 91' lang='grc' dir='ltr'><em>χωρίων</em></span> <span class='ocrx_word' id='word_1_150' title='bbox 1142 2306 1218 2369; x_wconf 91' lang='grc' dir='ltr'><em>ποί-</em></span> 
     </span>
    </p>

    <p class='ocr_par' dir='ltr' id='par_1_7' title="bbox 159 2406 1291 2712">
     <span class='ocr_line' id='line_1_21' title="bbox 159 2406 1218 2496; baseline 0.004 -26"><span class='ocrx_word' id='word_1_151' title='bbox 159 2429 186 2469; x_wconf 85' lang='grc' dir='ltr'><em>ιο</em></span> <span class='ocrx_word' id='word_1_152' title='bbox 200 2433 284 2491; x_wconf 91' lang='grc' dir='ltr'><em>μνας</em></span> <span class='ocrx_word' id='word_1_153' title='bbox 305 2432 341 2475; x_wconf 91' lang='grc' dir='ltr'><em>τε</em></span> <span class='ocrx_word' id='word_1_154' title='bbox 363 2408 419 2475; x_wconf 85' lang='grc' dir='ltr'><em>καὶ</em></span> <span class='ocrx_word' id='word_1_155' title='bbox 442 2412 601 2494; x_wconf 82' lang='grc' dir='ltr'><em>βουκόλια</em></span> <span class='ocrx_word' id='word_1_156' title='bbox 619 2406 675 2474; x_wconf 82' lang='grc' dir='ltr'><em>καὶ</em></span> <span class='ocrx_word' id='word_1_157' title='bbox 692 2410 875 2496; x_wconf 73' lang='grc' dir='ltr'><em>φορβάδων</em></span> <span class='ocrx_word' id='word_1_158' title='bbox 894 2407 1014 2493; x_wconf 81' lang='grc' dir='ltr'><em>ἀγέλας</em></span> <span class='ocrx_word' id='word_1_159' title='bbox 1032 2409 1143 2474; x_wconf 87' lang='grc' dir='ltr'><em>ίππων</em></span> <span class='ocrx_word' id='word_1_160' title='bbox 1162 2407 1218 2474; x_wconf 82' lang='grc' dir='ltr'><em>έπί</em></span> 
     </span>
     <span class='ocr_line' id='line_1_22' title="bbox 200 2512 1217 2606; baseline -0.001 -25"><span class='ocrx_word' id='word_1_161' title='bbox 200 2516 308 2600; x_wconf 76' lang='grc' dir='ltr'><em>νομὴν</em></span> <span class='ocrx_word' id='word_1_162' title='bbox 331 2525 377 2604; x_wconf 77' lang='grc' dir='ltr'><em>τιβ</em></span> <span class='ocrx_word' id='word_1_163' title='bbox 399 2519 488 2606; x_wconf 88' lang='grc' dir='ltr'><em>λόγφ</em></span> <span class='ocrx_word' id='word_1_164' title='bbox 511 2516 763 2602; x_wconf 86' lang='grc' dir='ltr'><em>προύκαλοῦντο</em></span> <span class='ocrx_word' id='word_1_165' title='bbox 785 2519 863 2594; x_wconf 82' lang='grc' dir='ltr'><em>τοὺς</em></span> <span class='ocrx_word' id='word_1_166' title='bbox 881 2517 1008 2602; x_wconf 77' lang='grc' dir='ltr'><em>ἄνδρας</em></span> <span class='ocrx_word' id='word_1_167' title='bbox 1026 2512 1080 2580; x_wconf 84' lang='grc' dir='ltr'><em>έπὶ</em></span> <span class='ocrx_word' id='word_1_168' title='bbox 1097 2525 1217 2582; x_wconf 83' lang='grc' dir='ltr'><em>ταῦτα·</em></span> 
     </span>
     <span class='ocr_line' id='line_1_23' title="bbox 200 2618 1291 2712; baseline 0 -24"><span class='ocrx_word' id='word_1_169' title='bbox 200 2623 236 2688; x_wconf 81' lang='grc' dir='ltr'><em>οἱ</em></span> <span class='ocrx_word' id='word_1_170' title='bbox 261 2620 292 2687; x_wconf 78' lang='grc' dir='ltr'><em>δ’</em></span> <span class='ocrx_word' id='word_1_171' title='bbox 319 2621 461 2701; x_wconf 79' lang='grc' dir='ltr'><em>ἐξιόντες</em></span> <span class='ocrx_word' id='word_1_172' title='bbox 483 2624 562 2701; x_wconf 86' lang='grc' dir='ltr'><em>τούς</em></span> <span class='ocrx_word' id='word_1_173' title='bbox 584 2621 611 2688; x_wconf 87' lang='grc' dir='ltr'><em>τ’</em></span> <span class='ocrx_word' id='word_1_174' title='bbox 639 2623 840 2712; x_wconf 79' lang='grc' dir='ltr'><em>ἀνθρώπους</em></span> <span class='ocrx_word' id='word_1_175' title='bbox 862 2625 1073 2708; x_wconf 82' lang='grc' dir='ltr'><em>συνήρπαζον</em></span> <span class='ocrx_word' id='word_1_176' title='bbox 1096 2618 1154 2686; x_wconf 84' lang='grc' dir='ltr'><em>καὶ</em></span> <span class='ocrx_word' id='word_1_177' title='bbox 1175 2623 1291 2688; x_wconf 75' lang='grc' dir='ltr'><em>τὰιινό</em></span> 
     </span>
    </p>

    <p class='ocr_par' dir='ltr' id='par_1_8' title="bbox 164 2727 1220 2923">
     <span class='ocr_line' id='line_1_24' title="bbox 164 2727 1220 2817; baseline -0.004 -20"><span class='ocrx_word' id='word_1_178' title='bbox 164 2731 391 2814; x_wconf 77' lang='grc' dir='ltr'><em>2βοσκήματα</em></span> <span class='ocrx_word' id='word_1_179' title='bbox 418 2733 651 2817; x_wconf 82' lang='grc' dir='ltr'><em>περιήλαυνον.</em></span> <span class='ocrx_word' id='word_1_180' title='bbox 695 2741 794 2798; x_wconf 86' lang='grc' dir='ltr'><em>τοῦτο</em></span> <span class='ocrx_word' id='word_1_181' title='bbox 818 2739 965 2815; x_wconf 82' lang='grc' dir='ltr'><em>συνεχῶς</em></span> <span class='ocrx_word' id='word_1_182' title='bbox 987 2729 1023 2794; x_wconf 69' lang='lat' dir='ltr'><em>ol</em></span> <span class='ocrx_word' id='word_1_183' title='bbox 1047 2727 1220 2814; x_wconf 81' lang='grc' dir='ltr'><em>Τυρρηνοί</em></span> 
     </span>
     <span class='ocr_line' id='line_1_25' title="bbox 199 2825 1220 2923; baseline -0.001 -22"><span class='ocrx_word' id='word_1_184' title='bbox 199 2845 374 2914; x_wconf 86' lang='grc' dir='ltr'><em>ποιοῦντες</em></span> <span class='ocrx_word' id='word_1_185' title='bbox 395 2834 451 2903; x_wconf 82' lang='grc' dir='ltr'><em>καὶ</em></span> <span class='ocrx_word' id='word_1_186' title='bbox 473 2840 696 2923; x_wconf 84' lang='grc' dir='ltr'><em>προαγόμενοι</em></span> <span class='ocrx_word' id='word_1_187' title='bbox 718 2839 797 2914; x_wconf 84' lang='grc' dir='ltr'><em>τοὺς</em></span> <span class='ocrx_word' id='word_1_188' title='bbox 817 2838 997 2920; x_wconf 84' lang='grc' dir='ltr'><em>πολεμίους</em></span> <span class='ocrx_word' id='word_1_189' title='bbox 1016 2832 1067 2900; x_wconf 86' lang='grc' dir='ltr'><em>ἀεὶ</em></span> <span class='ocrx_word' id='word_1_190' title='bbox 1085 2825 1220 2919; x_wconf 89' lang='grc' dir='ltr'><em>προσω-</em></span> 
     </span>
    </p>

    <p class='ocr_par' dir='ltr' id='par_1_9' title="bbox 160 2939 1224 3241">
     <span class='ocr_line' id='line_1_26' title="bbox 160 2939 1221 3030; baseline 0.005 -27"><span class='ocrx_word' id='word_1_191' title='bbox 160 2962 187 3004; x_wconf 77' lang='grc' dir='ltr'><em>ιτ</em></span> <span class='ocrx_word' id='word_1_192' title='bbox 200 2941 284 3029; x_wconf 92' lang='grc' dir='ltr'><em>τέρω</em></span> <span class='ocrx_word' id='word_1_193' title='bbox 313 2950 372 3009; x_wconf 86' lang='grc' dir='ltr'><em>τοῦ</em></span> <span class='ocrx_word' id='word_1_194' title='bbox 398 2942 556 3030; x_wconf 89' lang='grc' dir='ltr'><em>χάρακος,</em></span> <span class='ocrx_word' id='word_1_195' title='bbox 583 2941 697 3028; x_wconf 75' lang='grc' dir='ltr'><em>ἐπειδὴ</em></span> <span class='ocrx_word' id='word_1_196' title='bbox 721 2941 918 3029; x_wconf 73' lang='grc' dir='ltr'><em>διέφθειραν</em></span> <span class='ocrx_word' id='word_1_197' title='bbox 942 2939 1113 3008; x_wconf 79' lang='grc' dir='ltr'><em>αὐτῶντὸ</em></span> <span class='ocrx_word' id='word_1_198' title='bbox 1136 2962 1221 3026; x_wconf 89' lang='grc' dir='ltr'><em>προ-</em></span> 
     </span>
     <span class='ocr_line' id='line_1_27' title="bbox 199 3045 1223 3135; baseline -0.004 -20"><span class='ocrx_word' id='word_1_199' title='bbox 199 3052 356 3134; x_wconf 81' lang='grc' dir='ltr'><em>νοητικὸν</em></span> <span class='ocrx_word' id='word_1_200' title='bbox 383 3058 444 3116; x_wconf 88' lang='grc' dir='ltr'><em>τοῦ</em></span> <span class='ocrx_word' id='word_1_201' title='bbox 470 3048 642 3135; x_wconf 89' lang='grc' dir='ltr'><em>ἀσφαλοῦς</em></span> <span class='ocrx_word' id='word_1_202' title='bbox 667 3060 740 3126; x_wconf 76' lang='grc' dir='ltr'><em>ταῖς</em></span> <span class='ocrx_word' id='word_1_203' title='bbox 767 3045 942 3133; x_wconf 85' lang='grc' dir='ltr'><em>συνεχέσιν</em></span> <span class='ocrx_word' id='word_1_204' title='bbox 967 3047 1142 3132; x_wconf 85' lang='grc' dir='ltr'><em>ἀφελείαις</em></span> <span class='ocrx_word' id='word_1_205' title='bbox 1164 3048 1223 3112; x_wconf 77' lang='grc' dir='ltr'><em>δε-</em></span> 
     </span>
     <span class='ocr_line' id='line_1_28' title="bbox 201 3152 1224 3241; baseline 0 -22"><span class='ocrx_word' id='word_1_206' title='bbox 201 3154 393 3240; x_wconf 87' lang='grc' dir='ltr'><em>λεάσαντες,</em></span> <span class='ocrx_word' id='word_1_207' title='bbox 415 3153 627 3240; x_wconf 77' lang='grc' dir='ltr'><em>ἐγκαθίζουσι</em></span> <span class='ocrx_word' id='word_1_208' title='bbox 649 3159 771 3241; x_wconf 91' lang='grc' dir='ltr'><em>λόχους</em></span> <span class='ocrx_word' id='word_1_209' title='bbox 793 3153 830 3220; x_wconf 83' lang='grc' dir='ltr'><em>έν</em></span> <span class='ocrx_word' id='word_1_210' title='bbox 853 3164 923 3231; x_wconf 78' lang='grc' dir='ltr'><em>τοῖς</em></span> <span class='ocrx_word' id='word_1_211' title='bbox 946 3152 1128 3239; x_wconf 82' lang='grc' dir='ltr'><em>ἐπικαίροις</em></span> <span class='ocrx_word' id='word_1_212' title='bbox 1151 3165 1224 3219; x_wconf 85' lang='grc' dir='ltr'><em>τῶν</em></span> 
     </span>
    </p>
   </div>
   <div class='ocr_carea' id='block_1_4' title="bbox 201 3342 1227 3558">
    <p class='ocr_par' dir='ltr' id='par_1_10' title="bbox 201 3342 1227 3558">
     <span class='ocr_line' id='line_1_29' title="bbox 273 3342 1226 3417; baseline 0 -17"><span class='ocrx_word' id='word_1_213' title='bbox 273 3352 288 3400; x_wconf 94' lang='grc'>1</span> <span class='ocrx_word' id='word_1_214' title='bbox 308 3349 435 3417; x_wconf 80' lang='grc' dir='ltr'><em>σημείοις</em></span> <span class='ocrx_word' id='word_1_215' title='bbox 453 3346 505 3401; x_wconf 89' lang='grc' dir='ltr'><em>ΑΒ</em></span> <span class='ocrx_word' id='word_1_216' title='bbox 567 3354 583 3400; x_wconf 83' lang='lat'><strong>3</strong></span> <span class='ocrx_word' id='word_1_217' title='bbox 604 3342 755 3416; x_wconf 82' lang='grc' dir='ltr'><em>ίιρονργῶν</em></span> <span class='ocrx_word' id='word_1_218' title='bbox 773 3346 799 3401; x_wconf 79' lang='grc' dir='ltr'><strong>Α</strong></span> <span class='ocrx_word' id='word_1_219' title='bbox 857 3347 986 3400; x_wconf 74' lang='grc' dir='ltr'><em>λαλιῶν</em></span> <span class='ocrx_word' id='word_1_220' title='bbox 1006 3354 1056 3400; x_wconf 84' lang='grc' dir='ltr'><em>τοῦ</em></span> <span class='ocrx_word' id='word_1_221' title='bbox 1074 3343 1177 3416; x_wconf 83' lang='grc' dir='ltr'><em>γένους</em></span> <span class='ocrx_word' id='word_1_222' title='bbox 1199 3348 1226 3400; x_wconf 87' lang='grc' dir='ltr'><strong>Α</strong></span> 
     </span>
     <span class='ocr_line' id='line_1_30' title="bbox 201 3413 1227 3540; baseline 0.003 -68"><span class='ocrx_word' id='word_1_223' title='bbox 201 3423 218 3472; x_wconf 85' lang='grc'>8</span> <span class='ocrx_word' id='word_1_224' title='bbox 241 3413 398 3540; x_wconf 49' lang='grc' dir='ltr'><em>ἣ&lt;ρκοννζ</em></span> <span class='ocrx_word' id='word_1_225' title='bbox 410 3417 457 3471; x_wconf 91' lang='lat' dir='ltr'><em>Bb</em></span> <span class='ocrx_word' id='word_1_226' title='bbox 539 3423 554 3472; x_wconf 82' lang='lat'>9</span> <span class='ocrx_word' id='word_1_227' title='bbox 577 3417 643 3488; x_wconf 79' lang='grc' dir='ltr'><em>περὶ</em></span> <span class='ocrx_word' id='word_1_228' title='bbox 662 3417 685 3472; x_wconf 88' lang='lat'>0</span> <span class='ocrx_word' id='word_1_229' title='bbox 704 3415 775 3487; x_wconf 74' lang='grc' dir='ltr'><em>ὑπὲρ</em></span> <span class='ocrx_word' id='word_1_230' title='bbox 794 3415 899 3472; x_wconf 76' lang='lat' dir='ltr'><strong>Reiske</strong></span> <span class='ocrx_word' id='word_1_231' title='bbox 977 3422 1009 3470; x_wconf 91' lang='lat'><em>11</em></span> <span class='ocrx_word' id='word_1_232' title='bbox 1035 3415 1084 3472; x_wconf 78' lang='grc' dir='ltr'><em>ὅδε</em></span> <span class='ocrx_word' id='word_1_233' title='bbox 1104 3416 1118 3472; x_wconf 84' lang='grc' dir='ltr'><em>ό</em></span> <span class='ocrx_word' id='word_1_234' title='bbox 1140 3418 1227 3489; x_wconf 84' lang='grc' dir='ltr'><em>λόγος</em></span> 
     </span>
     <span class='ocr_line' id='line_1_31' title="bbox 202 3486 971 3558; baseline 0.003 -17"><span class='ocrx_word' id='word_1_235' title='bbox 202 3486 226 3541; x_wconf 85' lang='grc' dir='ltr'>Ο</span> <span class='ocrx_word' id='word_1_236' title='bbox 245 3489 358 3555; x_wconf 79' lang='lat' dir='ltr'>praeter</span> <span class='ocrx_word' id='word_1_237' title='bbox 471 3495 505 3544; x_wconf 88' lang='grc'><em>16</em></span> <span class='ocrx_word' id='word_1_238' title='bbox 524 3490 651 3558; x_wconf 84' lang='grc' dir='ltr'><em>σπείραις</em></span> <span class='ocrx_word' id='word_1_239' title='bbox 670 3487 721 3544; x_wconf 79' lang='lat' dir='ltr'><em>AO</em></span> <span class='ocrx_word' id='word_1_240' title='bbox 739 3490 850 3557; x_wconf 87' lang='grc' dir='ltr'><em>πείραις</em></span> <span class='ocrx_word' id='word_1_241' title='bbox 867 3486 971 3557; x_wconf 78' lang='lat' dir='ltr'><strong>BGmg</strong></span> 
     </span>
    </p>
   </div>
   <div class='ocr_carea' id='block_1_5' title="bbox 0 0 1355 3974">
    <p class='ocr_par' dir='ltr' id='par_1_11' title="bbox 0 0 1355 3974">
     <span class='ocr_line' id='line_1_32' title="bbox 0 0 1355 3974; baseline 0 0"><span class='ocrx_word' id='word_1_242' title='bbox 0 0 1355 3974; x_wconf 95' lang='lat' dir='ltr'><em> </em></span> 
     </span>
    </p>
   </div>
  </div>
 </body>
</html>
