2660 3976
195 215 260 278 146
618 216 786 266 -Η-

192 374 295 461 μένης
321 378 412 454 λείας
439 376 581 461 ὁρῶντες
606 372 663 441 καὶ
689 373 767 463 περὶ
788 384 846 458 τῆς
862 372 1031 460 Ῥωμαίων
1054 375 1212 462 ἀτολμίας

193 482 385 566 ἀκούοντες,
420 485 455 548 οἳ
484 483 526 566 δη
558 479 641 560 τέως
670 483 733 566 την
765 479 944 567 ἀλλοτρίαν
974 485 1211 567 λεηλατοῦντες

192 587 297 667 ἀδεῶς
317 592 393 656 τότε
413 590 476 674 τὴν
494 589 606 654 αὑτῶν
623 597 688 672 γῆν
704 588 877 674 ἠνείχοντο
895 587 1088 674 δῃουμένην
1105 590 1211 676 ὀρωνε

191 717 256 778 τες,
278 695 466 780 αὐχήματός
487 719 523 760 τε
542 694 688 779 μεγάλου
707 693 948 778 ἐνεπίμπλαντο
967 692 1024 760 καί
1043 693 1081 760 ἐν
1098 695 1211 762 ἐλπίδι

163 797 278 886 τῆσαν
303 801 496 886 ἡγεμονίας,
524 801 569 878 ὡς
595 801 638 884 δὴ
667 796 787 887 ῥᾴδιον
809 798 865 866 καί
888 799 926 866 ἐν
949 785 1068 891 ἑτοίμη)
1091 805 1211 888 σφίσιν

191 908 231 974 ὃν
260 913 442 973 καταλῦσαι
471 908 534 991 την
562 917 631 972 τῶν
661 905 850 973 ἀντιπάλων
880 908 992 992 ἰσχύν,
1021 911 1148 986 θυσίας
1174 933 1211 974 τε

189 1016 423 1100 χαριστηρίους
440 1025 509 1090 τοῖς
526 1019 622 1090 θεοῖς
640 1011 815 1078 ἐποιοῦντο
833 1009 889 1077 καὶ
903 1014 1037 1080 σκύλων
1050 1013 1210 1080 ἀναθέσει

189 1120 269 1196 τοὺς
289 1120 374 1197 νεὼς
395 1117 530 1197 καὶτὰς
553 1119 677 1204 ἀγορὰς
699 1118 864 1204 ἐκόσμουν
886 1116 942 1184 καὶ
959 1115 1046 1203 ἦσαν
1064 1121 1269 1200 άπαντεςιετῖ

190 1223 228 1290 ἐν
255 1223 383 1312 ἑορταῖς
408 1224 464 1292 καὶ
491 1226 688 1303 εὐπαθείαις
714 1228 774 1292 τόν
800 1249 835 1292 τε
861 1226 1020 1313 Μάρκιον
1046 1226 1209 1312 ἀγάμενοι

126 1358 176 1398 ·1o
189 1328 245 1396 καί
267 1331 450 1416 ὑμνοῦντες
472 1330 655 1416 διετέλουν,
678 1333 723 1410 ὡς
745 1337 795 1416 είη
817 1333 858 1397 τά
881 1355 917 1397 τε
938 1331 1079 1418 πολέμια
1098 1335 1208 1401 δεινό

189 1461 285 1516 τατος
302 1437 494 1525 ἀνθρώπων
507 1435 562 1504 καὶ
577 1441 768 1524 στρατηγός,
787 1429 857 1515 οἶος
873 1438 948 1504 οὔτε
957 1436 1116 1524 Ῥωμαῖος
1130 1441 1208 1507 οὔτε

151 1544 289 1622 2ἀλλος
314 1546 522 1631 [στρατηγὸς]
540 1542 710 1627 Ἑλλήνων
732 1543 753 1628 ἢ
773 1542 956 1630 ’βαρβάρων
974 1545 1100 1626 οὐδείς.
1145 1548 1207 1632 μά

187 1655 282 1716 λιστα
309 1647 349 1716 δὲ
375 1659 432 1734 τῆς
458 1651 560 1735 τύχης
587 1650 690 1716 αὐτὸν
717 1649 913 1736 ἐμακάριζον
940 1653 1084 1736 ἅπαντα,
1114 1653 1209 1731 ὅσοις

187 1755 413 1842 ἐπιχειρήσειε,
435 1757 518 1822 κατὰ
541 1757 678 1842 γνώμην
695 1755 784 1844 αὐτῷ
803 1767 1043 1844 προχωροῦντα
1060 1757 1207 1852 ὁρῶντες

146 1889 172 1930 15
187 1865 264 1948 δίχα
286 1865 407 1929 πόνου·
430 1860 508 1929 ὥστ’
529 1861 642 1940 οὐδεὶς
659 1858 703 1947 ην
720 1874 789 1930 τῶν
806 1863 951 1948 ἑχόντων
969 1865 1033 1948 την
1050 1867 1206 1951 στρατεύ-

187 1986 286 2055 σιμον
303 1968 449 2054 ἡλικίαν,
466 1969 504 2047 ὃς
522 1968 762 2035 ἀπολείπεσθαι
780 1978 840 2036 τού
859 1968 982 2057 ἀνδρὸς
995 1967 1102 2055 ἠξίου,
1121 1971 1207 2038 ἀλλά

185 2076 305 2153 πάντες
332 2077 485 2163 ὥρμηντο
513 2074 661 2162 μετέχειν
688 2085 755 2141 τῶν
780 2075 934 2162 πράξεων
956 2074 1012 2142 καί
1035 2076 1207 2164 συνῄεσαν

148 2182 230 2258 δὼς
253 2182 357 2248 αὐτὸν
380 2181 412 2260 ἐξ
436 2181 563 2266 ἁπάσης
585 2185 720 2258 πόλεως.
744 2195 746 2199 ’
766 2182 785 2248 ὁ
809 2178 847 2248 δὲ
870 2185 1066 2267 στρατηγός,
1089 2180 1205 2266 ἐπειδὴ

183 2287 246 2370 την
267 2292 461 2373 προθυμίαν
483 2299 550 2354 τῶν
571 2288 796 2354 Οὐολούσκων
819 2284 983 2374 ἐπέρρωσε
1005 2287 1116 2354 καὶτὸ
1136 2300 1206 2355 τῶν

143 2420 171 2459 νο
184 2397 354 2476 πολεμίων
385 2393 544 2480 ἀνδρεῖον
576 2396 632 2471 είς·
654 2394 814 2478 ταπεινὴν
844 2392 900 2460 καί
929 2395 1099 2480 άνανδρον
1127 2419 1204 2460 κατ-

184 2495 331 2564 ἔκλεισεν
353 2497 552 2584 ἀμηχανίαν,
575 2497 629 2565 ἐπὶ
649 2500 707 2577 τάς
723 2501 932 2585 συμμαχίδας
948 2500 1060 2566 αὐτῶν
1077 2503 1204 2586 πόλεις,

183 2604 259 2670 ὅσαι
281 2606 319 2672 τὸ
338 2608 457 2672 πιστὸν
475 2607 707 2692 διεφύλαττον,
729 2601 789 2691 ἦγε
807 2608 869 2690 τὴν
887 2607 1045 2691 δύναμιν·
1068 2605 1124 2672 καί
1143 2608 1203 2672 αύ-

180 2714 256 2780 τίκα
288 2709 559 2798 ἑτοιμασάμενος,
591 2713 654 2778 όσα
681 2715 728 2790 είς
754 2716 951 2799 πολιορκίαν
976 2714 1121 2798 χρήσιμα
1147 2709 1204 2799 ἦν,

181 2816 235 2884 ἐπὶ
270 2822 470 2904 Τολερίνους
501 2818 634 2884 ἐλαύνει
665 2828 726 2884 τοῦ
755 2822 911 2884 Λατίνων
942 2821 1039 2896 ὄντας
1067 2823 1201 2898 ἔθνους.

138 2894 217 3008 ,ξοδ
240 2920 278 2990 δὲ
306 2928 478 3010 Τολερῖνοι
500 2926 565 3011 πρὸ
588 2929 715 2991 πολλοῦ
736 2925 1066 3012 παρασκευασάμενοι
1089 2927 1130 2990 τά
1153 2930 1201 3006 είς

180 3030 284 3115 <τὸν>
313 3033 460 3115 πόλεμον
490 3026 546 3094 καὶ
575 3030 616 3094 τὰ
645 3029 682 3096 ἐκ
710 3041 768 3115 τῆς
796 3033 906 3118 χώρας
933 3033 984 3109 είς
1010 3033 1072 3116 τὴν
1099 3035 1264 3100 πόλινιοεε

179 3139 451 3220 συγκεκομικότες
470 3133 624 3222 ἐδέχοντο
644 3137 746 3202 αὐτὸν
766 3137 902 3203 ἐπιόντα
919 3135 975 3202 καί
991 3141 1116 3223 χρόνον
1135 3138 1199 3224 μέν

253 3326 340 3382 1κιιὶ
358 3328 454 3383 om.B
518 3327 786 3402 3<ἠ>νείχοντοΒ
849 3323 1071 3384 λένεπίπλαντο
1090 3330 1140 3393 Α,
1181 3338 1195 3386 7

178 3393 334 3454 ἀναδέεται
347 3398 372 3452 Α
387 3411 389 3416 ’
427 3405 459 3452 12
477 3395 631 3470 ’στρατηγὸς
644 3399 699 3454 del.
713 3399 817 3456 Reiske
873 3407 906 3456 13
925 3399 1002 3456 άπαν
1016 3402 1064 3456 Aa
1081 3401 1198 3458 ἅπαντα

175 3468 226 3523 Ab
298 3475 331 3523 21
351 3467 446 3532 πόλεις
465 3470 530 3524 αδδ.
548 3469 571 3524 Β
645 3479 679 3527 26
698 3470 747 3526 τὸν
766 3471 830 3528 add.
851 3469 973 3542 Sylburg
