2586 3972
606 246 771 296 ..Η-

180 411 279 494 βαιύν
301 430 335 473 τε
358 405 414 472 καὶ
444 404 683 491 ἀμετακίνητον
707 404 744 471 ἐν
771 417 841 482 τοῖς
867 412 1015 491 κριθεῖσι
1042 403 1098 470 καὶ
1121 405 1200 471 οὔτε

181 517 277 604 φόβῳ
309 520 441 580 εἴκοντα
472 514 548 579 οὑτε
578 513 711 600 χάρισιν
737 512 1097 598 ὑποκατακλινόμενον.
1149 511 1201 577 ἀεὶ

181 622 245 706 γὰρ
283 620 429 686 ἐπαινῶν
460 619 563 686 αὑτὸν
593 618 650 684 καί
685 619 867 704 θαυμάζων
900 619 1039 685 διατελῶ
1071 629 1133 694 τοῦ
1165 642 1202 684 τε
1284 618 1285 686 λ

181 731 349 814 φρονίμου
367 725 423 792 καὶ
441 735 500 811 τής
516 729 761 811 γενναιότητος,
783 726 826 810 ήν
843 728 932 812 παρὰ
949 728 990 792 τὰ
1009 727 1104 791 δεινὰ
1123 728 1202 810 ἔχει.

158 835 322 918 ιμνύμην
349 831 377 898 τ’
404 833 465 918 οὑχ
493 831 625 919 ἑτέραν,
653 832 736 898 άλλά
763 831 819 898 καί
846 833 945 910 αὐτὸς
971 834 1095 916 ταύτην
1118 831 1203 898 ἀπο-

186 941 372 1026 δείκνυμαι,
395 941 496 1027 μικρὰ
517 941 565 1005 ἑτι
582 937 745 1025 προσθεὶς
767 939 861 1026 αὐτῇ,
884 941 905 1005 ἅ
924 963 982 1024 μοι
999 945 1203 1025 παραλιπεῖν

144 1043 315 1123 2Ἄππιος
342 1045 461 1113 ἐδόκει.
495 1044 655 1132 Ἕρνικας
681 1043 742 1131 μὲν
769 1047 834 1133 νδρ
860 1045 916 1112 καὶ
939 1049 1120 1130 Λατίνους,
1150 1037 1263 1124 οἷςιεει

183 1149 303 1218 νεωστὶ
327 1153 519 1238 δεδώκαμεν
540 1154 603 1237 τήν
625 1155 861 1236 ἰσοπολιτείαν,
885 1150 958 1219 οὐδ’
985 1153 1085 1230 αὐτὸς
1107 1148 1204 1237 οἶμαι

184 1260 257 1324 δεῖν
275 1264 474 1344 κληρουχεῖν
491 1259 532 1324 τὰ
551 1256 701 1344 ἡμέτερα.
738 1259 779 1325 οὐ
797 1259 872 1344 γάρ,
891 1257 924 1336 ἐξ
944 1254 985 1324 οὑ
1003 1265 1204 1345 προσῆλθον
1286 1273 1287 1298 λ

145 1394 170 1434 10
184 1367 231 1442 εἰς
252 1366 314 1450 τήν
337 1369 454 1450 φιλίαν
476 1365 569 1450 ἡμῖν,
591 1366 716 1450 ταύτην
738 1367 799 1450 τήν
821 1373 885 1450 μήν
907 1366 1107 1450 κτησάμενοι
1130 1369 1204 1453 ἔχο-

185 1494 262 1556 μεν,
303 1470 387 1552 άλλδι
427 1473 628 1555 παλαίτερον
667 1473 715 1536 ἔτι
755 1481 825 1548 τοῖς
861 1469 988 1537 ἑαυτῶν
1029 1472 1205 1550 κινδύνοις
1287 1559 1288 1566 χ

186 1580 330 1655 οὐθενὸς
350 1578 456 1643 ἄλλον
479 1579 802 1662 προσωφελήσαντος
824 1576 1026 1662 ἀφελόμενοι
1047 1581 1127 1656 τοὺς
1151 1578 1203 1666 ἐχ·
1287 1567 1288 1604 ³

185 1685 299 1770 θρούς.
342 1681 601 1769 ἀποκρινώμεθά
618 1679 647 1747 τ’
669 1683 793 1767 αὐτοῖς,
812 1684 862 1749 ὅτι
880 1686 938 1761 τὰς
956 1681 1018 1769 μὲν
1036 1688 1203 1771 πρότερον

185 1791 398 1877 ὑπαρχούσας
425 1787 507 1873 ἡμῖν
533 1791 678 1874 κτήσεις,
708 1789 787 1867 ὅσας
814 1789 945 1856 ἕκαστοι
972 1797 1119 1877 εἴχομεν,
1148 1793 1201 1858 ὅτε
1288 1825 1289 1858 ι

145 1925 170 1966 ιι
184 1899 247 1982 τήν
268 1900 384 1982 φιλίαν
413 1893 673 1979 συνετιθέμεθα,
701 1896 789 1972 ίδίας
815 1919 849 1961 τε
876 1893 933 1962 καί
960 1888 1202 1982 ἀναφαιρέτους

184 2003 335 2080 ἑκάστοις
358 2005 412 2068 δεῖ
428 2000 553 2087 μένειν,
576 2001 665 2067 ὅσων
685 1999 716 2067 δ’
738 2003 792 2087 άν,
815 1999 872 2088 ἀφ’
895 1998 937 2069 οὑ
954 2004 1012 2080 τὰς
1031 2007 1202 2088 συνθήκας
1289 2033 1290 2066 ι

185 2111 429 2196 ἐποιησάμεθα,
455 2118 552 2195 κοινή
580 2111 835 2195 στρατεύσαντες
863 2109 899 2176 ἐκ
921 2109 1068 2195 πολέμου
1092 2114 1201 2200 κύριοι

183 2220 377 2302 γενώμεθα,
414 2217 542 2283 τούτων
580 2216 717 2302 ὑπάρξει
755 2219 793 2283 τὸ
833 2216 1014 2302 ἐπιβάλλον
1054 2215 1202 2294 ἑκάστοις

150 2325 293 2410 3λάχος.
348 2319 451 2388 ταῦτα
478 2323 542 2406 γὰρ
570 2323 646 2389 οὔτε
673 2335 743 2400 τοῖς
774 2325 959 2410 συμμάχοις
991 2325 1036 2401 ῶς
1067 2323 1201 2391 ἀδικου-

146 2459 172 2500 εο
186 2429 299 2516 μένοις
318 2431 418 2516 ὀρμής
435 2429 568 2516 παρὲξει
587 2431 716 2508 δικαίας
733 2431 926 2516 προφάσεις,
945 2432 1022 2498 ούτε
1041 2441 1087 2520 τῷ
1107 2434 1199 2519 δήμῳ

186 2535 277 2622 δέος,
307 2538 352 2622 μή
376 2536 456 2624 δόξη
479 2537 519 2601 τὰ
542 2538 787 2624 κερδαλεώτερα
809 2541 874 2624 πρὸ
897 2549 964 2604 τῶν
986 2535 1201 2625 εὐπρεπεστέ-

167 2669 255 2732 ρων
282 2646 461 2730 αἱρεῖσθαι.
506 2653 546 2729 τῇ
573 2666 608 2709 τε
631 2644 756 2730 αίρέσει
779 2656 847 2710 τῶν
870 2644 1021 2731 ἀνδρῶν,
1049 2643 1201 2722 οὑςἍπ-

184 2774 260 2830 πιος
282 2751 378 2836 ήξίου
401 2750 535 2836 δριστδς
562 2749 720 2835 γενέσθαι
748 2762 804 2836 τῆς
828 2753 989 2836 δημοσίας
1011 2761 1085 2836 νής,
1111 2751 1201 2817 πάνυ

186 2859 323 2924 εὐδοκῶ.
363 2858 493 2941 πολλήν
509 2857 574 2942 γὰρ
592 2856 673 2941 ήμῖν
697 2856 790 2925 τοῦτ’
812 2865 896 2924 οἴσει
914 2861 1102 2945 παρρησίαν
1117 2859 1202 2942 πρὸς

147 2991 173 3032 ει
186 2968 263 3043 τοὺς
286 2963 496 3049 δημοτικούς,
520 2961 591 3028 ἐπεὶ
609 2972 673 3028 νῦν
692 2962 722 3048 μ’
746 2967 908 3049 ἄχθονται
926 2961 996 3069 κατ’
1020 2965 1267 3051 άμφότεροι,1690

91 3091 93 3096 ·
186 3069 241 3136 καὶ
269 3071 321 3136 ὅτι
348 3067 444 3135 αὐτοὶ
471 3081 538 3136 τῶν
567 3071 738 3154 δημοσίων
765 3068 871 3138 ούθὲν
899 3070 1104 3139 ἀπολαύουσι
1124 3094 1202 3155 κτη-

258 3234 275 3282 3
295 3222 419 3282 ἐπαινῶν
439 3226 487 3280 καί
505 3225 661 3297 θαυμάζων
680 3227 767 3283 αὑτὸν
786 3229 808 3282 Β
870 3233 886 3282 ὃ
905 3229 1024 3302 ταύτην]
1043 3229 1093 3298 τὴν
1111 3227 1200 3296 αὑτὴν

188 3316 211 3353 ο.
230 3297 334 3352 Reiske
408 3305 422 3353 7
443 3293 537 3352 ἐδόκει
551 3298 574 3353 O
594 3300 678 3354 δοκεῖ
691 3317 714 3355 ο,
734 3299 856 3370 Sylburg
930 3307 961 3354 13
981 3300 1202 3371 ἀποκρινώμεθα

187 3367 234 3422 Ba
252 3369 469 3439 ἀποκρινόμεθα
484 3371 508 3422 R
521 3370 745 3441 ἀποκρινώμεθα
759 3370 794 3440 δὴ
810 3388 834 3426 ο.
847 3371 956 3440 Kayser
969 3371 1042 3428 Ann.
1051 3371 1119 3441 phil.
1130 3374 1201 3424 1868

188 3459 214 3509 p.
231 3445 283 3493 816
355 3445 389 3494 20
408 3439 576 3512 προφάσεις]
595 3444 740 3511 πρόφασιν
763 3459 786 3497 c.
807 3442 897 3498 Cobet
915 3442 981 3499 Oba.
1001 3461 1028 3512 p.
1046 3449 1094 3498 170
1161 3447 1199 3494 21

189 3510 418 3579 εύτιρεπεστάτων
438 3510 460 3565 Ο
480 3527 549 3566 corr.
570 3511 692 3582 Sylbnrg
