2586 3972
508 231 675 280 -H-
1033 227 1098 292 201

25 429 26 446 ι
96 383 243 465 διολέσας.
290 388 399 455 ἐδόκει
422 384 485 455 οὖν
503 389 616 467 αὐτοῖς
634 388 690 455 καλ
712 399 810 456 τοῦτο
833 387 888 454 καὶ
911 396 945 455 εί
962 412 994 455 τι
1017 392 1098 456 ἀλλο

23 539 25 589 I
97 493 274 580 δεινότερον
309 501 361 580 είη
393 498 600 581 κινδύνευμα
634 499 698 562 σύν
731 495 830 581 ἀρετῇ
863 497 1006 576 σώζουσι
1037 497 1099 580 την

22 593 24 660 ἶ
96 602 194 666 πίστιν
216 600 404 687 ὑπομένειν.
451 601 521 670 ἐπεὶ
549 600 587 669 δὲ
613 601 689 691 περὶ
713 605 812 669 δύσιν
834 603 932 688 ἡλίου
954 598 997 686 ἦν
1020 602 1134 687 ἤδηὸ

22 699 24 752 ?
96 704 309 792 ἀσπασάμενοι
331 706 497 793 ἀλλήλους
520 705 658 797 ἐξῄεσαν
682 709 718 774 ἐκ
741 718 799 793 τῆς
821 717 957 794 σκηνῆς·
986 706 1093 774 ἔπειθ’

21 873 22 900 ,
95 813 125 876 αί
141 809 200 897 μὲν
222 823 377 897 γυναίκες
398 818 447 893 είς
468 817 530 900 την
547 819 648 882 πόλιν
666 815 825 903 ἀπῄεσαν,
848 817 866 883 ὁ
889 811 926 882 II
944 815 1098 903 Μύρκιος
1124 835 1138 876 ι

94 918 124 985 ἐν
149 918 303 1009 ἐκκλησίᾳ
328 924 386 1000 τὰς
408 925 516 1000 αἰτίας
538 923 685 1002 ἀποδοὺς
707 936 777 1002 τοῖς
799 933 958 1010 παροῦσι,
989 919 1032 988 δι’
1060 923 1098 1000 ἃς

21 1069 23 1098 ‚
94 1028 195 1110 ἔμελλε
222 1028 318 1093 λύειν
344 1032 404 1095 τὸν
431 1033 594 1116 πόλεμον,
626 1028 681 1096 καὶ
708 1031 815 1097 πολλά
844 1041 913 1096 τῶν
940 1047 1097 1116 στρατιω-

20 1130 22 1230 λ
93 1144 150 1198 τῶν
175 1133 310 1219 δεηθεὶς
333 1122 527 1220 συγγνῶναί
551 1131 579 1202 τ’
606 1136 695 1225 αὐτῷ
723 1141 795 1223 καί,
826 1135 961 1203 έπειδδιν
984 1139 1097 1203 οἴκαδε

92 1237 284 1327 ἀφίκωνται,
318 1243 548 1329 μεμνημένους
585 1239 633 1310 ὧν
665 1247 794 1311 ἔπαθον
826 1239 865 1309 εὖ
896 1253 956 1311 τοῦ
988 1241 1097 1328 μηθὲν

19 1347 22 1430 λ
91 1344 148 1411 ὑπὸ
173 1357 240 1413 τῶν
268 1349 380 1414 ἀλλων
408 1349 590 1433 ἀνήκεστον
617 1358 741 1416 παθεῖν
769 1352 1017 1433 συναγωνιστὰς
1044 1373 1097 1433 γε·
1113 1369 1138 1408 1⁰

90 1449 213 1536 νέσθαι,
234 1451 291 1519 καὶ
309 1456 394 1520 ἀλλα
411 1457 518 1523 πολλὰ
536 1455 592 1522 καί
611 1456 766 1541 ἐπαγωγὰ
785 1454 973 1541 διαλεχθεὶς
991 1479 1097 1542 παρα-

91 1559 299 1638 σκευάζεσθαι
327 1561 500 1628 έκέλευσεν
522 1563 566 1641 ὡς
588 1572 628 1650 τῇ
652 1563 792 1650 ἐπιούσῃ
815 1560 911 1628 νυκτὶ
935 1561 1098 1648 ἀναστρα-

91 1668 350 1747 τοπεδεύσοντας,
903 1747 905 1752 Ι
1018 1725 1020 1732 .

148 1773 214 1839 LV.
251 1773 405 1861 Ῥωμαῖοι
433 1773 464 1842 δ’
493 1778 538 1854 δας
561 1779 700 1862 ἔμαθον,
729 1777 779 1844 ὅτι
803 1776 935 1843 λέλυται
959 1786 1054 1862 σφῶν
1078 1775 1097 1842 ὁ

17 1931 20 1958 ,
91 1881 250 1958 κίνδυνος·
283 1885 410 1968 ἔφθασε
438 1885 502 1969 ηδιρ
530 1894 596 1950 τῶν
624 1894 794 1968 γυναικῶν
820 1885 882 1968 τὴν
908 1885 1096 1969 παρουσίαν
1111 1899 1136 1940 1⁵

43 1992 295 2073 λειεπρολαβοῦσα
323 1990 344 2074 ἡ
374 1992 483 2075 φήμη·
520 1993 583 2058 σὺν
612 1996 718 2077 πολλῇ
748 2001 833 2080 χαρᾷ
861 1989 1096 2066 καταλιπόντες

92 2093 144 2176 τὴν
161 2097 260 2162 πόλιν
279 2097 379 2162 ἔθεον
397 2096 458 2176 ἔξω
478 2095 533 2162 καί
555 2097 713 2183 ὑπήντων
731 2109 802 2175 ταῖς
820 2095 974 2180 γυναιξὶν
992 2095 1096 2162 ἀσπα-

93 2203 185 2283 σμοὺς
207 2199 263 2267 καὶ
286 2211 428 2281 παιᾶνας
449 2201 505 2270 καὶ
527 2201 630 2270 πάνθ’
657 2204 719 2269 ὅσα
747 2203 783 2268 έκ
806 2202 958 2287 μεγάλων
981 2204 1096 2268 κινδύ-
1181 2225 1187 2236 “·

91 2329 152 2372 νυν
186 2311 234 2386 είς
269 2309 434 2394 ἀδόκητον
470 2310 626 2397 εὐτυχίαν
665 2313 839 2396 ἅνθρωποι
877 2309 1096 2386 καταστάντες

91 2415 265 2498 πράττουσί
284 2439 318 2482 τε
341 2414 396 2482 καὶ
420 2415 577 2501 λέγουσιν
599 2418 665 2485 ὑπὸ
688 2425 801 2503 χαρᾶς,
824 2417 864 2481 τδι
882 2412 944 2500 μὲν
962 2416 1095 2502 ἀθρόοι,
1110 2435 1136 2474 20

17 2581 19 2612 Ξ,
91 2521 125 2584 τά
145 2524 180 2588 δε
202 2521 282 2589 καθ’
309 2523 368 2589 ἕνα
386 2523 526 2591 ἕκαστον
551 2522 838 2608 ἀποδεικνύμενοι.
883 2523 1016 2608 έκείνην
1035 2519 1131 2607 μδν2

17 2677 19 2690 .
92 2621 146 2693 οὖν
167 2631 228 2714 την
250 2630 355 2696 νύκτα
378 2629 415 2696 έν
437 2634 589 2707 θαλείαις
612 2652 645 2696 τε
668 2629 724 2696 καὶ
742 2631 935 2707 εὐπαθείαις
958 2627 1097 2694 διετέλε-

92 2749 161 2819 σαν,
187 2744 225 2822 τῇ
255 2733 284 2801 δ’
313 2734 387 2822 ἑξῆς
413 2735 519 2824 ημέρηι
547 2743 752 2821 συναχθεῖσα
779 2737 845 2803 ὑπὸ
872 2747 939 2802 τῶν
961 2735 1097 2800 ὑπάτων

17 2887 18 2890 =
91 2839 229 2927 ἡβουλη
257 2842 335 2931 περὶ
361 2839 422 2928 μὲν
449 2853 509 2909 τοῦ
532 2845 691 2930 Μαρκίου
719 2844 855 2927 γνώμην
882 2839 1096 2920 ἀπεδείξαντο

92 2947 133 3023 εἰς
154 2946 283 3036 ἑτέρους
306 2949 555 3035 ἀναβάλλεσθαι
576 2951 713 3036 καιρούς
736 2947 1018 3034 ἐπιτηδειοτέρους
1039 2949 1097 3026 τδις
1111 2965 1137 3004 2⁵

93 3053 314 3142 δοθησομένας
336 3057 424 3144 αὐτῷ
447 3056 555 3142 τιμολς·
577 3067 649 3134 ταῖς
672 3052 709 3121 δὲ
732 3053 885 3138 γυναιξὶν
908 3056 1045 3120 ἔπαινόν
1064 3049 1092 3119 τ’

93 3155 311 3228 ἀποδεδόσθαι
341 3172 399 3247 τῆς
430 3165 622 3248 προθυμίας
652 3166 776 3248 παλαιᾷ
810 3161 954 3249 δημοσίᾳ
985 3169 1095 3247 γραφῇ

96 3331 98 3340 ¹
158 3352 231 3410 Ιέτι
249 3354 410 3427 δεινότερον
429 3373 452 3410 ο.
471 3355 576 3410 Reiske
648 3349 719 3423 θην
737 3372 791 3410 om.
811 3355 865 3408 AB
945 3349 1012 3408 9εδ
1031 3353 1095 3409 εδδ.

94 3418 114 3472 Β
188 3432 220 3480 25
240 3425 437 3500 ἀναβαλέσθαι
454 3426 508 3480 AB
589 3433 622 3481 27
643 3426 841 3481 ἀποδεδύσθαι
860 3425 883 3481 O
902 3426 1097 3481 ἀποδίδοσθαι

95 3489 186 3549 Garrer
204 3497 269 3552 Obs.
288 3516 315 3568 p.
331 3507 366 3554 44
385 3499 419 3552 ef.
435 3498 501 3553 VIII
516 3503 591 3567 56‚4
618 3505 622 3567 Ι
646 3498 662 3531 *
675 3497 764 3552 πύλαι
783 3499 805 3553 Ο
824 3496 910 3552 πύλιν
929 3514 953 3553 ο.
972 3495 1097 3552 Sintenis
