2586 3972
166 220 232 285 288
590 220 756 272 -Θ-

167 385 364 467 διεγνώκατε
393 384 441 459 είς
469 389 544 448 ίσον
570 391 770 466 καταστῆσαι
798 383 838 446 τά
865 383 944 468 ἔργα
968 391 1036 458 τοῖς
1059 384 1186 466 λόγοις,

15 529 17 534 -
129 490 229 556 4οὐκ
253 487 295 554 άν
319 487 535 574 ἁμαρτάνοιτε
558 488 658 553 ταύτὸ
681 496 856 564 ποιοῦντες
878 486 962 571 ἐμοί.
1012 485 1111 553 Ταῦτ’
1139 489 1187 552 εί-

166 597 239 661 πὼν
266 593 322 661 καὶ
349 596 387 660 τὸ
415 593 509 679 ξίφος
536 593 710 672 ἀνατείνας
733 595 842 679 ίόμοσε
865 596 925 660 τὸν
948 592 1126 679 ἐπιχώριόν
1150 617 1185 658 τε

161 699 331 786 Ῥωμαίοις
362 703 417 766 καλ
448 701 625 786 κράτιστον
657 701 776 784 ὅρκου,
806 702 868 784 τήν
898 699 1032 785 ἀγαθήν
1063 699 1186 767 ἑαυτοῦ

125 829 140 870 ε
166 813 290 891 πίστιν,
317 811 455 891 νικήσας
481 810 559 883 τοὺς
584 811 763 891 πολεμίους
789 806 882 891 ήξειν
909 809 956 884 εἰς
982 808 1045 891 τήν
1072 810 1187 890 πόλιν,

167 917 274 991 άλλως
301 911 332 980 δ’
356 915 406 980 οὔ.
451 924 572 980 τοῦτον
595 914 778 998 ὀμόσαντος
800 924 861 980 τοῦ
886 917 1101 999 Φλαβοληίου
1123 915 1186 979 τὸν

167 1022 268 1106 ὅρκου
295 1024 400 1097 πολὺς
422 1019 456 1099 ἐξ
480 1019 636 1086 ἁπάντων
659 1023 793 1098 ἔπαινος
816 1019 959 1104 ἐγένετο·
987 1018 1043 1085 καὶ
1066 1020 1186 1086 αὐτίκα

167 1128 202 1193 οἵ
222 1149 256 1192 τε
279 1126 398 1193 ὕπατοι
421 1125 603 1214 ἀμφότεροι
623 1127 745 1193 ταύτὸν
764 1125 946 1212 ἔδρωνκαλ
966 1129 1001 1194 οί
1016 1128 1073 1203 τὰς
1092 1125 1186 1192 ἐλάτ-

166 1257 243 1311 τους
266 1235 396 1318 ἔχοντες
419 1237 615 1320 στρατηγίας
637 1237 806 1320 χιλίαρχοί
825 1257 859 1299 τε
882 1231 938 1299 καὶ
960 1237 1110 1319 λοχαγοί,
1132 1253 1260 1304 τε-176ο

127 1321 315 1434 ,5,λευτῶσα
343 1337 374 1405 δ’
394 1340 421 1423 ή
445 1342 585 1424 πληθύς.
631 1338 701 1405 ἐπεὶ
725 1337 763 1406 δὲ
784 1336 873 1406 τοῦτ’
902 1338 1049 1424 ἐγένετο,
1075 1341 1185 1424 πολλή

168 1443 229 1530 μὲν
258 1447 403 1530 εὐθυμία
431 1457 533 1512 πᾶσιν
556 1445 705 1531 ἐνέπεσε,
732 1447 838 1530 πολλή
862 1443 900 1512 δὲ
923 1450 1061 1532 φιλότης
1082 1445 1186 1530 ἀλλή-

166 1557 251 1636 λων,
279 1554 407 1639 θάρσος
429 1550 457 1618 τ’
481 1548 523 1618 αὖ
546 1550 601 1618 καὶ
624 1551 735 1637 μένος·
763 1552 819 1619 καὶ
842 1553 1044 1630 ἀπελθόντες
1066 1551 1103 1617 ἐκ
1126 1562 1186 1637 τῆς

166 1657 353 1744 ἐκκλησίας,
386 1661 422 1726 οί
445 1656 507 1744 μὲν
535 1660 646 1736 ἵπποις
672 1662 829 1746 χαλινοὺς
858 1658 1054 1745 ἐνέβαλλον,
1083 1661 1120 1725 οί
1146 1657 1199 1725 δέ

166 1764 244 1849 ξίφη
271 1763 327 1830 καὶ
353 1768 473 1852 λόγχας
500 1769 642 1850 ἔθηγον,
674 1767 710 1830 ol
734 1761 772 1830 δὲ
799 1768 839 1831 τὰ
867 1767 1088 1849 σκεπαστήρια
1115 1777 1185 1832 τῶν

38 1857 41 1865 ¹
127 1891 153 1931 ιε
167 1872 280 1936 ὅπλων
303 1871 492 1956 ἐξέματτον·
515 1870 571 1938 καὶ
594 1872 711 1956 ὀλίγον
732 1882 822 1939 πᾶσα
844 1869 887 1957 ἦν
910 1871 1039 1957 ἕτοιμος
1057 1875 1106 1950 εἰς
1123 1875 1185 1939 τὸν

130 1978 279 2061 θάγῶνα
301 1978 322 2062 ή
346 1980 490 2064 στρατιά.
537 1980 574 2044 οί
594 1977 624 2044 δ’
646 1979 767 2045 ὕπατοι
790 1983 867 2056 τοὺς
889 1982 991 2056 θεοὺς
1013 1979 1127 2064 εὐχαῖς
1148 2003 1184 2045 τε

165 2083 221 2149 καὶ
238 2088 375 2163 θυσίαις
392 2084 448 2151 καὶ
466 2090 571 2162 λιταίς
589 2084 862 2170 ἐπικαλεσάμενοι
879 2095 937 2170 τῆς
953 2084 1072 2163 ἐξόδου
1087 2088 1184 2170 σφίσι
1291 2165 1292 2168 ¹

165 2189 324 2273 γενέσθαι
350 2192 529 2276 ήγεμόνας,
560 2191 679 2276 ἐξῆγον
708 2192 744 2258 ἐκ
771 2203 832 2259 τοῦ
858 2193 1001 2278 χάρακος
1028 2191 1066 2258 ἐν
1093 2193 1185 2271 τάξει
1291 2187 1292 2220 ³

165 2294 220 2360 καὶ
247 2300 360 2387 κόσμῳ
387 2300 446 2364 τὸν
474 2302 624 2383 στρατόν.
670 2297 726 2366 καὶ
754 2301 790 2366 οί
814 2296 982 2384 Ίυρρηνοὶ
1009 2302 1185 2377 κατιόντας

126 2421 152 2460 2⁰
166 2401 289 2479 αὐτοὺς
318 2402 354 2468 ἐκ
382 2415 450 2470 τῶν
480 2404 652 2490 ἐρυμάτων
682 2407 811 2483 ίδόντες
840 2404 1036 2489 ἐθαύμασάν
1063 2429 1099 2470 τε
1126 2403 1184 2470 καὶ

165 2506 405 2595 ἀντεπεξῄεσαν
429 2510 538 2596 άπάση
560 2520 600 2596 τη
624 2512 774 2596 δυνάμει.

230 2615 287 2680 XI.
313 2614 368 2693 Ὡς
387 2613 417 2681 δ’
435 2619 483 2694 είς
500 2618 538 2682 τὸ
556 2619 674 2684 πεδίου
692 2617 873 2703 ἀμφότεροι
892 2616 1108 2702 κατέστησαν,
1126 2617 1184 2684 καὶ
1290 2599 1291 2691 λ

163 2724 201 2787 τὸ
215 2724 394 2806 πολεμικὸν
409 2722 579 2808 ἐσήμηναν
592 2725 630 2788 αί
641 2724 829 2808 σάλπιγγες,
847 2726 947 2789 ἔθεον
962 2723 1185 2803 ἀλαλάξαντες

163 2828 277 2911 ὁμόσε·
311 2825 367 2894 καὶ
396 2832 618 2913 συμπεσόντες
645 2829 801 2915 ἀλλήλοις
828 2831 937 2907 ίππεῑς
965 2831 1100 2897 ίππεῦσι
1127 2835 1184 2897 καί

236 3054 425 3136 λιάμάρτοιτε
445 3073 467 3110 c.
488 3057 578 3110 Cobet
596 3056 662 3112 obs.
681 3075 708 3127 p.
730 3065 781 3113 1⁷4
871 3059 912 3112 *2
932 3060 962 3111 et
981 3065 997 3112 8
1017 3058 1048 3112 τὸ
1068 3033 1182 3114 αάἢΟ
1289 3019 1290 3059 ἐ

164 3141 272 3179 corten
344 3126 526 3197 λκάρτιστον
546 3145 568 3182 ο.
588 3127 691 3182 Reiske
760 3135 793 3183 12
812 3127 962 3198 θράσοςΒ
1033 3136 1066 3184 13
1086 3128 1183 3193 ἱππεῖς

163 3196 214 3251 Ac
235 3201 239 3264 Ι
264 3192 413 3270 ἐνέβαλλον
430 3198 478 3252 Bb
497 3194 632 3271 ἐνέβαλον
650 3201 675 3253 R.
748 3206 780 3254 16
800 3196 840 3254 δι’
861 3199 956 3269 όλίγου
974 3201 999 3253 Α
1074 3207 1107 3256 17
1125 3205 1184 3256 θυ-

164 3270 238 3330 σίαις
255 3267 304 3322 καλ
323 3272 350 3322 λι
368 3287 421 3324 om.
437 3268 483 3323 Ba
501 3270 550 3324 καὶ
568 3273 656 3332 λιταῖς
675 3287 728 3327 om.
742 3270 768 3324 A
786 3271 836 3326 καλ
853 3273 970 3333 θυσίαις
988 3271 1109 3327 fortasse
1125 3273 1182 3329 del.

164 3355 187 3391 ο.
203 3337 353 3409 Κὶεεελὶυς,
373 3340 423 3394 sed
442 3339 475 3396 of.
491 3341 529 3394 IX
549 3347 590 3410 15,
610 3348 626 3395 3
699 3347 733 3396 20
753 3337 784 3397 ἐκ
803 3351 858 3397 τῶν
877 3357 966 3410 usque
984 3342 1106 3414 δυνάμει
1125 3360 1182 3399 om.

164 3409 189 3461 A
208 3408 271 3462 add.
291 3410 369 3479 Amg
388 3427 473 3479 supra
491 3411 539 3467 lin.
600 3419 632 3466 21
654 3413 825 3482 ἀντεξηεσαν
844 3414 890 3467 Ba
909 3433 944 3468 επ
963 3430 1050 3483 supra
1069 3415 1117 3470 lin.
1132 3415 1183 3470 Bb

164 3483 199 3531 24
219 3475 313 3540 ἱππεῖς
330 3499 359 3534 τε
379 3478 495 3536 ἱππεῦσι
513 3482 536 3536 Β
