<?xml version="1.0" encoding="UTF-8"?>
<!DOCTYPE html PUBLIC "-//W3C//DTD XHTML 1.0 Transitional//EN"
    "http://www.w3.org/TR/xhtml1/DTD/xhtml1-transitional.dtd">
<html xmlns="http://www.w3.org/1999/xhtml" xml:lang="en" lang="en">
 <head>
  <title>
</title>
<meta http-equiv="Content-Type" content="text/html;charset=utf-8" />
  <meta name='ocr-system' content='tesseract 3.04.00' />
  <meta name='ocr-capabilities' content='ocr_page ocr_carea ocr_par ocr_line ocrx_word'/>
</head>
<body>
  <div class='ocr_page' id='page_1' title='image "./dionysihalicarn00unkngoog_0106.png"; bbox 0 0 2660 3976; ppageno 0'>
   <div class='ocr_carea' id='block_1_1' title="bbox 168 227 754 292">
    <p class='ocr_par' dir='ltr' id='par_1_1' title="bbox 168 227 754 292">
     <span class='ocr_line' id='line_1_1' title="bbox 168 227 754 292; baseline -0.002 -1"><span class='ocrx_word' id='word_1_1' title='bbox 168 230 212 292; x_wconf 82' lang='lat'><em>94</em></span> <span class='ocrx_word' id='word_1_2' title='bbox 594 227 754 274; x_wconf 82' lang='grc' dir='ltr'><em>-Ζ-</em></span> 
     </span>
    </p>
   </div>
   <div class='ocr_carea' id='block_1_2' title="bbox 115 380 1265 2915">
    <p class='ocr_par' dir='ltr' id='par_1_2' title="bbox 115 380 1265 1640">
     <span class='ocr_line' id='line_1_2' title="bbox 167 380 1265 475; baseline -0.005 -20"><span class='ocrx_word' id='word_1_3' title='bbox 167 391 286 475; x_wconf 85' lang='grc' dir='ltr'><em>ἀνδρα,</em></span> <span class='ocrx_word' id='word_1_4' title='bbox 308 390 340 454; x_wconf 89' lang='grc' dir='ltr'><em>εί</em></span> <span class='ocrx_word' id='word_1_5' title='bbox 361 384 399 453; x_wconf 73' lang='grc' dir='ltr'><em>δέ</em></span> <span class='ocrx_word' id='word_1_6' title='bbox 422 388 466 472; x_wconf 80' lang='grc' dir='ltr'><em>μή</em></span> <span class='ocrx_word' id='word_1_7' title='bbox 489 383 520 469; x_wconf 88' lang='grc' dir='ltr'><em>γ’</em></span> <span class='ocrx_word' id='word_1_8' title='bbox 541 385 607 451; x_wconf 78' lang='grc' dir='ltr'><em>ὑπὸ</em></span> <span class='ocrx_word' id='word_1_9' title='bbox 629 395 686 470; x_wconf 78' lang='grc' dir='ltr'><em>τῆς</em></span> <span class='ocrx_word' id='word_1_10' title='bbox 709 382 864 469; x_wconf 86' lang='grc' dir='ltr'><em>δευτέρας</em></span> <span class='ocrx_word' id='word_1_11' title='bbox 887 382 907 467; x_wconf 75' lang='grc' dir='ltr'><strong><em>ἢ</em></strong></span> <span class='ocrx_word' id='word_1_12' title='bbox 930 386 1049 469; x_wconf 81' lang='grc' dir='ltr'><strong><em>τρίτης.</em></strong></span> <span class='ocrx_word' id='word_1_13' title='bbox 1092 385 1128 449; x_wconf 87' lang='grc' dir='ltr'><em>οί</em></span> <span class='ocrx_word' id='word_1_14' title='bbox 1148 380 1265 450; x_wconf 66' lang='grc' dir='ltr'><em>δεεσσε</em></span> 
     </span>
     <span class='ocr_line' id='line_1_3' title="bbox 168 487 1188 581; baseline -0.006 -20"><span class='ocrx_word' id='word_1_15' title='bbox 168 498 330 581; x_wconf 80' lang='grc' dir='ltr'><em>δήμαρχοι</em></span> <span class='ocrx_word' id='word_1_16' title='bbox 357 489 454 559; x_wconf 77' lang='grc' dir='ltr'><em>ταῦθ’</em></span> <span class='ocrx_word' id='word_1_17' title='bbox 482 493 696 577; x_wconf 81' lang='grc' dir='ltr'><strong><em>ὑφορώμενοι</em></strong></span> <span class='ocrx_word' id='word_1_18' title='bbox 723 488 779 556; x_wconf 80' lang='grc' dir='ltr'><em>καὶ</em></span> <span class='ocrx_word' id='word_1_19' title='bbox 802 487 897 555; x_wconf 75' lang='grc' dir='ltr'><em>αὐτοὶ</em></span> <span class='ocrx_word' id='word_1_20' title='bbox 919 491 981 574; x_wconf 78' lang='grc' dir='ltr'><em>τὴν</em></span> <span class='ocrx_word' id='word_1_21' title='bbox 1003 492 1188 576; x_wconf 80' lang='grc' dir='ltr'><em>φυλετικὴν</em></span> 
     </span>
     <span class='ocr_line' id='line_1_4' title="bbox 169 594 1189 688; baseline -0.006 -20"><span class='ocrx_word' id='word_1_22' title='bbox 169 602 345 686; x_wconf 77' lang='grc' dir='ltr'><strong><em>ἐκκλησίαν</em></strong></span> <span class='ocrx_word' id='word_1_23' title='bbox 373 598 480 688; x_wconf 75' lang='grc' dir='ltr'><em>ςόοντο</em></span> <span class='ocrx_word' id='word_1_24' title='bbox 508 600 581 664; x_wconf 80' lang='grc' dir='ltr'><em>δείν</em></span> <span class='ocrx_word' id='word_1_25' title='bbox 610 597 768 681; x_wconf 79' lang='grc' dir='ltr'><em>συνάγειν</em></span> <span class='ocrx_word' id='word_1_26' title='bbox 791 594 846 661; x_wconf 80' lang='grc' dir='ltr'><em>καὶ</em></span> <span class='ocrx_word' id='word_1_27' title='bbox 869 607 929 662; x_wconf 88' lang='grc' dir='ltr'><em>τοῦ</em></span> <span class='ocrx_word' id='word_1_28' title='bbox 952 595 1082 680; x_wconf 83' lang='grc' dir='ltr'><em>ἀγῶνος</em></span> <span class='ocrx_word' id='word_1_29' title='bbox 1104 597 1189 662; x_wconf 81' lang='grc' dir='ltr'><em>ἐκεί-</em></span> 
     </span>
     <span class='ocr_line' id='line_1_5' title="bbox 168 701 1188 794; baseline -0.006 -19"><span class='ocrx_word' id='word_1_30' title='bbox 168 733 232 794; x_wconf 94' lang='grc' dir='ltr'><em>νην</em></span> <span class='ocrx_word' id='word_1_31' title='bbox 250 715 386 792; x_wconf 79' lang='grc' dir='ltr'><em>ποιῆσαι</em></span> <span class='ocrx_word' id='word_1_32' title='bbox 404 708 536 791; x_wconf 90' lang='grc' dir='ltr'><em>κυριάν,</em></span> <span class='ocrx_word' id='word_1_33' title='bbox 554 705 611 770; x_wconf 82' lang='grc' dir='ltr'><em>ἵνα</em></span> <span class='ocrx_word' id='word_1_34' title='bbox 629 701 710 789; x_wconf 72' lang='grc' dir='ltr'><em>μηδ’</em></span> <span class='ocrx_word' id='word_1_35' title='bbox 729 704 765 770; x_wconf 90' lang='grc' dir='ltr'><em>οί</em></span> <span class='ocrx_word' id='word_1_36' title='bbox 780 702 915 787; x_wconf 85' lang='grc' dir='ltr'><em>πένητες</em></span> <span class='ocrx_word' id='word_1_37' title='bbox 933 714 1000 768; x_wconf 80' lang='grc' dir='ltr'><em>τῶν</em></span> <span class='ocrx_word' id='word_1_38' title='bbox 1014 708 1188 770; x_wconf 89' lang='grc' dir='ltr'><em>πλουσίων</em></span> 
     </span>
     <span class='ocr_line' id='line_1_6' title="bbox 142 808 1188 901; baseline -0.004 -22"><span class='ocrx_word' id='word_1_39' title='bbox 142 825 381 901; x_wconf 79' lang='grc' dir='ltr'><em>εμειονεκτῶσι</em></span> <span class='ocrx_word' id='word_1_40' title='bbox 414 808 495 896; x_wconf 78' lang='grc' dir='ltr'><em>μηδ’</em></span> <span class='ocrx_word' id='word_1_41' title='bbox 527 811 563 876; x_wconf 90' lang='grc' dir='ltr'><em>οί</em></span> <span class='ocrx_word' id='word_1_42' title='bbox 591 808 684 890; x_wconf 74' lang='grc' dir='ltr'><em>ψιλοί</em></span> <span class='ocrx_word' id='word_1_43' title='bbox 716 819 783 875; x_wconf 82' lang='grc' dir='ltr'><em>τῶν</em></span> <span class='ocrx_word' id='word_1_44' title='bbox 814 809 959 875; x_wconf 78' lang='grc' dir='ltr'><em>ὁπλιτῶν</em></span> <span class='ocrx_word' id='word_1_45' title='bbox 988 808 1188 896; x_wconf 78' lang='grc' dir='ltr'><em>ἀτιμοτέραν</em></span> 
     </span>
     <span class='ocr_line' id='line_1_7' title="bbox 167 913 1188 1008; baseline -0.006 -21"><span class='ocrx_word' id='word_1_46' title='bbox 167 922 278 1008; x_wconf 83' lang='grc' dir='ltr'><em>χώραν</em></span> <span class='ocrx_word' id='word_1_47' title='bbox 301 923 410 1005; x_wconf 80' lang='grc' dir='ltr'><em>ἔχωσι,</em></span> <span class='ocrx_word' id='word_1_48' title='bbox 433 914 508 1002; x_wconf 81' lang='grc' dir='ltr'><em>μήτ’</em></span> <span class='ocrx_word' id='word_1_49' title='bbox 529 914 775 1006; x_wconf 78' lang='grc' dir='ltr'><em>ἀπερριμμένον</em></span> <span class='ocrx_word' id='word_1_50' title='bbox 798 916 846 990; x_wconf 84' lang='grc' dir='ltr'><em>είς</em></span> <span class='ocrx_word' id='word_1_51' title='bbox 868 915 926 990; x_wconf 84' lang='grc' dir='ltr'><em>τὰς</em></span> <span class='ocrx_word' id='word_1_52' title='bbox 948 913 1085 1000; x_wconf 79' lang='grc' dir='ltr'><em>ἐσχάτας</em></span> <span class='ocrx_word' id='word_1_53' title='bbox 1107 919 1188 998; x_wconf 80' lang='grc' dir='ltr'><em>κλή-</em></span> 
     </span>
     <span class='ocr_line' id='line_1_8' title="bbox 168 1021 1188 1111; baseline -0.006 -18"><span class='ocrx_word' id='word_1_54' title='bbox 168 1045 237 1103; x_wconf 88' lang='grc' dir='ltr'><em>σεις</em></span> <span class='ocrx_word' id='word_1_55' title='bbox 258 1029 296 1092; x_wconf 86' lang='grc' dir='ltr'><em>τὸ</em></span> <span class='ocrx_word' id='word_1_56' title='bbox 319 1025 498 1111; x_wconf 90' lang='grc' dir='ltr'><em>δημοτικὸν</em></span> <span class='ocrx_word' id='word_1_57' title='bbox 521 1029 651 1107; x_wconf 80' lang='grc' dir='ltr'><em>πλῆθος</em></span> <span class='ocrx_word' id='word_1_58' title='bbox 674 1021 885 1106; x_wconf 76' lang='grc' dir='ltr'><em>ἀποκλείηται</em></span> <span class='ocrx_word' id='word_1_59' title='bbox 907 1031 975 1086; x_wconf 85' lang='grc' dir='ltr'><em>τῶν</em></span> <span class='ocrx_word' id='word_1_60' title='bbox 999 1027 1092 1105; x_wconf 88' lang='grc' dir='ltr'><em>ίσωυ,</em></span> <span class='ocrx_word' id='word_1_61' title='bbox 1117 1024 1188 1088; x_wconf 88' lang='grc' dir='ltr'><em>ίσό-</em></span> 
     </span>
     <span class='ocr_line' id='line_1_9' title="bbox 166 1127 1187 1217; baseline -0.004 -19"><span class='ocrx_word' id='word_1_62' title='bbox 166 1144 274 1217; x_wconf 80' lang='grc' dir='ltr'><em>ύηφοι</em></span> <span class='ocrx_word' id='word_1_63' title='bbox 298 1129 335 1197; x_wconf 72' lang='grc' dir='ltr'><em>δὲ</em></span> <span class='ocrx_word' id='word_1_64' title='bbox 357 1131 413 1197; x_wconf 82' lang='grc' dir='ltr'><em>καὶ</em></span> <span class='ocrx_word' id='word_1_65' title='bbox 436 1131 588 1216; x_wconf 89' lang='grc' dir='ltr'><em>ὁμότιμοι</em></span> <span class='ocrx_word' id='word_1_66' title='bbox 611 1129 730 1206; x_wconf 88' lang='grc' dir='ltr'><em>πάντες</em></span> <span class='ocrx_word' id='word_1_67' title='bbox 752 1127 908 1211; x_wconf 81' lang='grc' dir='ltr'><em>ἀλλήλοις</em></span> <span class='ocrx_word' id='word_1_68' title='bbox 930 1130 1106 1211; x_wconf 85' lang='grc' dir='ltr'><em>γενόμενοι</em></span> <span class='ocrx_word' id='word_1_69' title='bbox 1124 1138 1187 1216; x_wconf 79' lang='grc' dir='ltr'><em>μιᾷ</em></span> 
     </span>
     <span class='ocr_line' id='line_1_10' title="bbox 115 1232 1187 1322; baseline -0.006 -16"><span class='ocrx_word' id='word_1_70' title='bbox 115 1240 280 1322; x_wconf 84' lang='grc' dir='ltr'><em>1οκλήσει</em></span> <span class='ocrx_word' id='word_1_71' title='bbox 307 1240 368 1322; x_wconf 80' lang='grc' dir='ltr'><em>τὴν</em></span> <span class='ocrx_word' id='word_1_72' title='bbox 395 1247 510 1322; x_wconf 72' lang='grc' dir='ltr'><em>ψῆφον</em></span> <span class='ocrx_word' id='word_1_73' title='bbox 538 1234 735 1319; x_wconf 81' lang='grc' dir='ltr'><em>ἀπενέγκωσι</em></span> <span class='ocrx_word' id='word_1_74' title='bbox 762 1235 844 1299; x_wconf 86' lang='grc' dir='ltr'><em>κατά</em></span> <span class='ocrx_word' id='word_1_75' title='bbox 871 1233 987 1319; x_wconf 85' lang='grc' dir='ltr'><em>φυλάς.</em></span> <span class='ocrx_word' id='word_1_76' title='bbox 1033 1232 1089 1299; x_wconf 81' lang='grc' dir='ltr'><em>καὶ</em></span> <span class='ocrx_word' id='word_1_77' title='bbox 1112 1233 1187 1300; x_wconf 84' lang='grc' dir='ltr'><em>έδό-</em></span> 
     </span>
     <span class='ocr_line' id='line_1_11' title="bbox 128 1338 1187 1428; baseline -0.003 -21"><span class='ocrx_word' id='word_1_78' title='bbox 128 1369 154 1408; x_wconf 92' lang='lat'><em>10</em></span> <span class='ocrx_word' id='word_1_79' title='bbox 166 1369 250 1410; x_wconf 89' lang='grc' dir='ltr'><em>κουν</em></span> <span class='ocrx_word' id='word_1_80' title='bbox 282 1346 470 1428; x_wconf 89' lang='grc' dir='ltr'><em>δικαιότερα</em></span> <span class='ocrx_word' id='word_1_81' title='bbox 496 1338 590 1408; x_wconf 73' lang='grc' dir='ltr'><em>οὗτοι</em></span> <span class='ocrx_word' id='word_1_82' title='bbox 616 1353 683 1408; x_wconf 82' lang='grc' dir='ltr'><em>τῶν</em></span> <span class='ocrx_word' id='word_1_83' title='bbox 711 1339 833 1425; x_wconf 85' lang='grc' dir='ltr'><em>ἑτέρων</em></span> <span class='ocrx_word' id='word_1_84' title='bbox 860 1338 977 1418; x_wconf 85' lang='grc' dir='ltr'><em>ἀξιοῦν</em></span> <span class='ocrx_word' id='word_1_85' title='bbox 1005 1340 1187 1424; x_wconf 85' lang='grc' dir='ltr'><em>δημοτικὸν</em></span> 
     </span>
     <span class='ocr_line' id='line_1_12' title="bbox 167 1441 1186 1535; baseline -0.005 -19"><span class='ocrx_word' id='word_1_86' title='bbox 167 1453 315 1535; x_wconf 80' lang='grc' dir='ltr'><em>οἰόμενοι</em></span> <span class='ocrx_word' id='word_1_87' title='bbox 334 1451 418 1535; x_wconf 81' lang='grc' dir='ltr'><em>δεῖν,</em></span> <span class='ocrx_word' id='word_1_88' title='bbox 436 1446 508 1515; x_wconf 87' lang='grc' dir='ltr'><em>ἀλλ’</em></span> <span class='ocrx_word' id='word_1_89' title='bbox 527 1448 589 1514; x_wconf 88' lang='grc' dir='ltr'><em>ούκ</em></span> <span class='ocrx_word' id='word_1_90' title='bbox 608 1447 821 1532; x_wconf 85' lang='grc' dir='ltr'><em>ὀλιγαρχικὸν</em></span> <span class='ocrx_word' id='word_1_91' title='bbox 840 1441 926 1511; x_wconf 84' lang='grc' dir='ltr'><em>εἶναι</em></span> <span class='ocrx_word' id='word_1_92' title='bbox 946 1448 982 1511; x_wconf 87' lang='grc' dir='ltr'><em>τὸ</em></span> <span class='ocrx_word' id='word_1_93' title='bbox 1001 1455 1061 1512; x_wconf 85' lang='grc' dir='ltr'><em>τοῦ</em></span> <span class='ocrx_word' id='word_1_94' title='bbox 1076 1447 1186 1530; x_wconf 80' lang='grc' dir='ltr'><em>δήμου</em></span> 
     </span>
     <span class='ocr_line' id='line_1_13' title="bbox 168 1550 1187 1640; baseline -0.005 -19"><span class='ocrx_word' id='word_1_95' title='bbox 168 1558 397 1640; x_wconf 81' lang='grc' dir='ltr'><em>δικαστήριον,</em></span> <span class='ocrx_word' id='word_1_96' title='bbox 424 1554 479 1621; x_wconf 80' lang='grc' dir='ltr'><em>καί</em></span> <span class='ocrx_word' id='word_1_97' title='bbox 506 1556 567 1638; x_wconf 79' lang='grc' dir='ltr'><em>τὴν</em></span> <span class='ocrx_word' id='word_1_98' title='bbox 589 1551 755 1639; x_wconf 78' lang='grc' dir='ltr'><em>περὶτῶν</em></span> <span class='ocrx_word' id='word_1_99' title='bbox 778 1550 986 1617; x_wconf 75' lang='grc' dir='ltr'><em>ἀδικούντων</em></span> <span class='ocrx_word' id='word_1_100' title='bbox 1008 1554 1046 1618; x_wconf 91' lang='grc' dir='ltr'><em>τὸ</em></span> <span class='ocrx_word' id='word_1_101' title='bbox 1069 1555 1187 1618; x_wconf 92' lang='grc' dir='ltr'><em>κοινὸν</em></span> 
     </span>
    </p>

    <p class='ocr_par' dir='ltr' id='par_1_3' title="bbox 167 1655 786 1746">
     <span class='ocr_line' id='line_1_14' title="bbox 167 1655 786 1746; baseline -0.008 -19"><span class='ocrx_word' id='word_1_102' title='bbox 167 1663 350 1746; x_wconf 90' lang='grc' dir='ltr'><em>διάγνωσιν</em></span> <span class='ocrx_word' id='word_1_103' title='bbox 374 1661 529 1727; x_wconf 85' lang='grc' dir='ltr'><em>ἁπάντων</em></span> <span class='ocrx_word' id='word_1_104' title='bbox 552 1655 638 1726; x_wconf 86' lang='grc' dir='ltr'><em>είναι</em></span> <span class='ocrx_word' id='word_1_105' title='bbox 660 1661 786 1742; x_wconf 77' lang='grc' dir='ltr'><em>κοινήν.</em></span> 
     </span>
    </p>

    <p class='ocr_par' dir='ltr' id='par_1_4' title="bbox 127 1762 1188 2275">
     <span class='ocr_line' id='line_1_15' title="bbox 233 1762 1188 1854; baseline -0.002 -22"><span class='ocrx_word' id='word_1_106' title='bbox 233 1767 301 1833; x_wconf 90' lang='lat' dir='ltr'><em>LX.</em></span> <span class='ocrx_word' id='word_1_107' title='bbox 338 1764 625 1854; x_wconf 79' lang='grc' dir='ltr'><em>Συγχωρηδέντος</em></span> <span class='ocrx_word' id='word_1_108' title='bbox 657 1763 687 1830; x_wconf 84' lang='grc' dir='ltr'><em>δ’</em></span> <span class='ocrx_word' id='word_1_109' title='bbox 717 1765 831 1841; x_wconf 80' lang='grc' dir='ltr'><em>αὐτοῖς</em></span> <span class='ocrx_word' id='word_1_110' title='bbox 858 1762 913 1830; x_wconf 80' lang='grc' dir='ltr'><em>καί</em></span> <span class='ocrx_word' id='word_1_111' title='bbox 940 1765 1061 1830; x_wconf 91' lang='grc' dir='ltr'><em>τούτου</em></span> <span class='ocrx_word' id='word_1_112' title='bbox 1090 1767 1188 1849; x_wconf 86' lang='grc' dir='ltr'><em>μόγις</em></span> 
     </span>
     <span class='ocr_line' id='line_1_16' title="bbox 127 1868 1186 1959; baseline -0.004 -21"><span class='ocrx_word' id='word_1_113' title='bbox 127 1898 153 1939; x_wconf 88' lang='lat'><em>15</em></span> <span class='ocrx_word' id='word_1_114' title='bbox 167 1874 233 1940; x_wconf 83' lang='grc' dir='ltr'><em>ὑπὸ</em></span> <span class='ocrx_word' id='word_1_115' title='bbox 256 1885 323 1938; x_wconf 80' lang='grc' dir='ltr'><em>τῶν</em></span> <span class='ocrx_word' id='word_1_116' title='bbox 345 1878 538 1959; x_wconf 86' lang='grc' dir='ltr'><em>πατρικίων,</em></span> <span class='ocrx_word' id='word_1_117' title='bbox 563 1872 675 1955; x_wconf 75' lang='grc' dir='ltr'><em>ἐπειδὴ</em></span> <span class='ocrx_word' id='word_1_118' title='bbox 699 1872 760 1955; x_wconf 75' lang='grc' dir='ltr'><em>τὴν</em></span> <span class='ocrx_word' id='word_1_119' title='bbox 780 1872 877 1954; x_wconf 90' lang='grc' dir='ltr'><em>δίκην</em></span> <span class='ocrx_word' id='word_1_120' title='bbox 896 1870 995 1956; x_wconf 80' lang='grc' dir='ltr'><em>ἐχρῆν</em></span> <span class='ocrx_word' id='word_1_121' title='bbox 1015 1868 1186 1954; x_wconf 74' lang='grc' dir='ltr'><em>λέγεσθαι,</em></span> 
     </span>
     <span class='ocr_line' id='line_1_17' title="bbox 167 1974 1186 2067; baseline -0.004 -21"><span class='ocrx_word' id='word_1_122' title='bbox 167 1992 296 2067; x_wconf 83' lang='grc' dir='ltr'><em>πρῶτος</em></span> <span class='ocrx_word' id='word_1_123' title='bbox 309 1977 411 2063; x_wconf 81' lang='grc' dir='ltr'><em>ἀνέβη</em></span> <span class='ocrx_word' id='word_1_124' title='bbox 425 1979 611 2062; x_wconf 80' lang='grc' dir='ltr'><em>Μηνύκιος,</em></span> <span class='ocrx_word' id='word_1_125' title='bbox 630 1978 745 2062; x_wconf 81' lang='grc' dir='ltr'><em>ἅτερος</em></span> <span class='ocrx_word' id='word_1_126' title='bbox 758 1988 826 2042; x_wconf 82' lang='grc' dir='ltr'><em>τῶν</em></span> <span class='ocrx_word' id='word_1_127' title='bbox 838 1976 985 2059; x_wconf 84' lang='grc' dir='ltr'><em>ὑπάτων,</em></span> <span class='ocrx_word' id='word_1_128' title='bbox 1003 1974 1059 2041; x_wconf 81' lang='grc' dir='ltr'><em>καὶ</em></span> <span class='ocrx_word' id='word_1_129' title='bbox 1074 1976 1186 2055; x_wconf 78' lang='grc' dir='ltr'><em>ἔλεξεν</em></span> 
     </span>
     <span class='ocr_line' id='line_1_18' title="bbox 166 2080 1186 2172; baseline -0.004 -20"><span class='ocrx_word' id='word_1_130' title='bbox 166 2087 226 2164; x_wconf 82' lang='grc' dir='ltr'><em>οὓς</em></span> <span class='ocrx_word' id='word_1_131' title='bbox 257 2084 442 2152; x_wconf 79' lang='grc' dir='ltr'><em>ἐπέστειλεν</em></span> <span class='ocrx_word' id='word_1_132' title='bbox 475 2084 563 2172; x_wconf 76' lang='grc' dir='ltr'><em>αὐτῷ</em></span> <span class='ocrx_word' id='word_1_133' title='bbox 596 2086 718 2167; x_wconf 79' lang='grc' dir='ltr'><em>λόγους</em></span> <span class='ocrx_word' id='word_1_134' title='bbox 749 2083 769 2166; x_wconf 79' lang='grc' dir='ltr'><em>ἡ</em></span> <span class='ocrx_word' id='word_1_135' title='bbox 802 2084 921 2166; x_wconf 82' lang='grc' dir='ltr'><em>βουλή·</em></span> <span class='ocrx_word' id='word_1_136' title='bbox 958 2094 1090 2168; x_wconf 84' lang='grc' dir='ltr'><em>πρῶτον</em></span> <span class='ocrx_word' id='word_1_137' title='bbox 1123 2080 1186 2167; x_wconf 76' lang='grc' dir='ltr'><em>μὲν</em></span> 
     </span>
     <span class='ocr_line' id='line_1_19' title="bbox 167 2184 1186 2275; baseline -0.004 -17"><span class='ocrx_word' id='word_1_138' title='bbox 167 2192 294 2270; x_wconf 79' lang='grc' dir='ltr'><em>ἁπάσας</em></span> <span class='ocrx_word' id='word_1_139' title='bbox 321 2193 378 2269; x_wconf 85' lang='grc' dir='ltr'><em>τὰς</em></span> <span class='ocrx_word' id='word_1_140' title='bbox 405 2192 595 2275; x_wconf 85' lang='grc' dir='ltr'><em>εὐεργεσίας</em></span> <span class='ocrx_word' id='word_1_141' title='bbox 620 2190 897 2275; x_wconf 79' lang='grc' dir='ltr'><em>ὑπομιμνήσκων,</em></span> <span class='ocrx_word' id='word_1_142' title='bbox 925 2188 1003 2265; x_wconf 87' lang='grc' dir='ltr'><em>ὅσας</em></span> <span class='ocrx_word' id='word_1_143' title='bbox 1029 2184 1073 2273; x_wconf 72' lang='grc' dir='ltr'><em>ἦν</em></span> <span class='ocrx_word' id='word_1_144' title='bbox 1097 2192 1186 2274; x_wconf 89' lang='grc' dir='ltr'><em>είλη-</em></span> 
     </span>
    </p>

    <p class='ocr_par' dir='ltr' id='par_1_5' title="bbox 126 2291 1263 2915">
     <span class='ocr_line' id='line_1_20' title="bbox 165 2291 1263 2383; baseline -0.002 -18"><span class='ocrx_word' id='word_1_145' title='bbox 165 2300 238 2383; x_wconf 81' lang='grc' dir='ltr'><em>φὼς</em></span> <span class='ocrx_word' id='word_1_146' title='bbox 264 2299 282 2365; x_wconf 86' lang='grc' dir='ltr'><em>ό</em></span> <span class='ocrx_word' id='word_1_147' title='bbox 309 2299 413 2382; x_wconf 78' lang='grc' dir='ltr'><em>δῆμος</em></span> <span class='ocrx_word' id='word_1_148' title='bbox 435 2298 523 2382; x_wconf 83' lang='grc' dir='ltr'><em>παρά</em></span> <span class='ocrx_word' id='word_1_149' title='bbox 547 2307 613 2363; x_wconf 82' lang='grc' dir='ltr'><em>τῶν</em></span> <span class='ocrx_word' id='word_1_150' title='bbox 636 2298 833 2383; x_wconf 82' lang='grc' dir='ltr'><em>πατρικίων,</em></span> <span class='ocrx_word' id='word_1_151' title='bbox 851 2291 960 2364; x_wconf 80' lang='grc' dir='ltr'><em>,ἔπειτ’</em></span> <span class='ocrx_word' id='word_1_152' title='bbox 983 2293 1086 2373; x_wconf 83' lang='grc' dir='ltr'><em>ἀξιῶν</em></span> <span class='ocrx_word' id='word_1_153' title='bbox 1109 2295 1263 2364; x_wconf 67' lang='grc' dir='ltr'><em>άντίιιοι</em></span> 
     </span>
     <span class='ocr_line' id='line_1_21' title="bbox 126 2401 1188 2488; baseline 0 -20"><span class='ocrx_word' id='word_1_154' title='bbox 126 2429 154 2468; x_wconf 75' lang='grc' dir='ltr'><em>ιο</em></span> <span class='ocrx_word' id='word_1_155' title='bbox 167 2409 300 2470; x_wconf 83' lang='grc' dir='ltr'><em>πολλῶν</em></span> <span class='ocrx_word' id='word_1_156' title='bbox 327 2402 382 2469; x_wconf 79' lang='grc' dir='ltr'><em>καὶ</em></span> <span class='ocrx_word' id='word_1_157' title='bbox 410 2409 521 2470; x_wconf 83' lang='grc' dir='ltr'><em>καλῶν</em></span> <span class='ocrx_word' id='word_1_158' title='bbox 545 2406 652 2487; x_wconf 80' lang='grc' dir='ltr'><em>ἔργων</em></span> <span class='ocrx_word' id='word_1_159' title='bbox 675 2407 756 2488; x_wconf 90' lang='grc' dir='ltr'><em>μίαν</em></span> <span class='ocrx_word' id='word_1_160' title='bbox 780 2401 990 2486; x_wconf 76' lang='grc' dir='ltr'><em>ἀποδοθῆναι</em></span> <span class='ocrx_word' id='word_1_161' title='bbox 1012 2403 1101 2488; x_wconf 84' lang='grc' dir='ltr'><em>παρά</em></span> <span class='ocrx_word' id='word_1_162' title='bbox 1125 2413 1188 2468; x_wconf 86' lang='grc' dir='ltr'><em>τοῦ</em></span> 
     </span>
     <span class='ocr_line' id='line_1_22' title="bbox 168 2501 1186 2597; baseline -0.003 -20"><span class='ocrx_word' id='word_1_163' title='bbox 168 2513 276 2597; x_wconf 82' lang='grc' dir='ltr'><em>δήμου</em></span> <span class='ocrx_word' id='word_1_164' title='bbox 301 2509 471 2595; x_wconf 85' lang='grc' dir='ltr'><em>δεομένοις</em></span> <span class='ocrx_word' id='word_1_165' title='bbox 489 2514 604 2595; x_wconf 88' lang='grc' dir='ltr'><em>σφίσιν</em></span> <span class='ocrx_word' id='word_1_166' title='bbox 624 2508 808 2593; x_wconf 88' lang='grc' dir='ltr'><em>ἀναγκαίαν</em></span> <span class='ocrx_word' id='word_1_167' title='bbox 826 2509 925 2594; x_wconf 84' lang='grc' dir='ltr'><em>χάριν</em></span> <span class='ocrx_word' id='word_1_168' title='bbox 944 2506 997 2573; x_wconf 78' lang='grc' dir='ltr'><em>έπὶ</em></span> <span class='ocrx_word' id='word_1_169' title='bbox 1016 2518 1062 2596; x_wconf 74' lang='grc' dir='ltr'><em>τῷ</em></span> <span class='ocrx_word' id='word_1_170' title='bbox 1080 2501 1186 2597; x_wconf 69' lang='grc' dir='ltr'><em>κοινῷ</em></span> 
     </span>
     <span class='ocr_line' id='line_1_23' title="bbox 131 2613 1188 2704; baseline -0.005 -17"><span class='ocrx_word' id='word_1_171' title='bbox 131 2625 225 2702; x_wconf 81' lang='grc' dir='ltr'><em>2τῆς</em></span> <span class='ocrx_word' id='word_1_172' title='bbox 246 2621 374 2694; x_wconf 87' lang='grc' dir='ltr'><em>πόλεως</em></span> <span class='ocrx_word' id='word_1_173' title='bbox 392 2616 520 2704; x_wconf 75' lang='grc' dir='ltr'><em>ἀγαθῷ.</em></span> <span class='ocrx_word' id='word_1_174' title='bbox 557 2618 639 2702; x_wconf 84' lang='grc' dir='ltr'><em>πρὸς</em></span> <span class='ocrx_word' id='word_1_175' title='bbox 658 2613 695 2681; x_wconf 73' lang='grc' dir='ltr'><em>δέ</em></span> <span class='ocrx_word' id='word_1_176' title='bbox 713 2617 844 2693; x_wconf 84' lang='grc' dir='ltr'><em>τούτοις</em></span> <span class='ocrx_word' id='word_1_177' title='bbox 862 2615 1008 2680; x_wconf 81' lang='grc' dir='ltr'><em>ἐπαινῶν</em></span> <span class='ocrx_word' id='word_1_178' title='bbox 1026 2615 1086 2700; x_wconf 74' lang='grc' dir='ltr'><em>μὲν</em></span> <span class='ocrx_word' id='word_1_179' title='bbox 1107 2616 1188 2702; x_wconf 87' lang='grc' dir='ltr'><em>ὁμό-</em></span> 
     </span>
     <span class='ocr_line' id='line_1_24' title="bbox 166 2719 1187 2816; baseline -0.004 -24"><span class='ocrx_word' id='word_1_180' title='bbox 166 2749 263 2792; x_wconf 93' lang='grc' dir='ltr'><em>νοιαν</em></span> <span class='ocrx_word' id='word_1_181' title='bbox 286 2722 342 2790; x_wconf 80' lang='grc' dir='ltr'><em>καὶ</em></span> <span class='ocrx_word' id='word_1_182' title='bbox 361 2725 508 2808; x_wconf 74' lang='grc' dir='ltr'><em>εἰρήνην,</em></span> <span class='ocrx_word' id='word_1_183' title='bbox 532 2720 586 2787; x_wconf 84' lang='grc' dir='ltr'><em>καὶ</em></span> <span class='ocrx_word' id='word_1_184' title='bbox 605 2722 684 2806; x_wconf 82' lang='grc' dir='ltr'><em>ὅσης</em></span> <span class='ocrx_word' id='word_1_185' title='bbox 704 2722 917 2816; x_wconf 87' lang='grc' dir='ltr'><em>εὐδαιμονίας</em></span> <span class='ocrx_word' id='word_1_186' title='bbox 935 2719 1091 2807; x_wconf 87' lang='grc' dir='ltr'><em>ἑκάτερον</em></span> <span class='ocrx_word' id='word_1_187' title='bbox 1110 2724 1187 2788; x_wconf 88' lang='grc' dir='ltr'><em>τού-</em></span> 
     </span>
     <span class='ocr_line' id='line_1_25' title="bbox 166 2828 1188 2915; baseline -0.004 -17"><span class='ocrx_word' id='word_1_188' title='bbox 166 2857 233 2898; x_wconf 92' lang='grc' dir='ltr'><em>των</em></span> <span class='ocrx_word' id='word_1_189' title='bbox 256 2833 364 2897; x_wconf 88' lang='grc' dir='ltr'><em>αίτιόν</em></span> <span class='ocrx_word' id='word_1_190' title='bbox 388 2828 457 2894; x_wconf 87' lang='grc' dir='ltr'><em>έστι</em></span> <span class='ocrx_word' id='word_1_191' title='bbox 480 2840 551 2906; x_wconf 75' lang='grc' dir='ltr'><em>ταῖς</em></span> <span class='ocrx_word' id='word_1_192' title='bbox 568 2829 968 2913; x_wconf 85' lang='grc' dir='ltr'><em>πόλεσινέπιλεγόμενος,</em></span> <span class='ocrx_word' id='word_1_193' title='bbox 991 2841 1188 2915; x_wconf 82' lang='grc' dir='ltr'><em>κατηγορῶν</em></span> 
     </span>
    </p>
   </div>
   <div class='ocr_carea' id='block_1_3' title="bbox 165 3051 1188 3540">
    <p class='ocr_par' dir='ltr' id='par_1_6' title="bbox 165 3051 1188 3540">
     <span class='ocr_line' id='line_1_26' title="bbox 239 3051 1188 3146; baseline -0.003 -33"><span class='ocrx_word' id='word_1_194' title='bbox 239 3058 395 3119; x_wconf 79' lang='grc' dir='ltr'><em>1ίιπὸτ”ς</em></span> <span class='ocrx_word' id='word_1_195' title='bbox 414 3055 526 3146; x_wconf 74' lang='grc' dir='ltr'><em>Οοριτ</em></span> <span class='ocrx_word' id='word_1_196' title='bbox 545 3054 673 3110; x_wconf 76' lang='lat' dir='ltr'>Hertlein</span> <span class='ocrx_word' id='word_1_197' title='bbox 691 3056 808 3110; x_wconf 79' lang='lat' dir='ltr'>Hermes</span> <span class='ocrx_word' id='word_1_198' title='bbox 827 3055 852 3108; x_wconf 90' lang='lat' dir='ltr'>X</span> <span class='ocrx_word' id='word_1_199' title='bbox 871 3061 924 3110; x_wconf 74' lang='grc'><em>416</em></span> <span class='ocrx_word' id='word_1_200' title='bbox 979 3051 1103 3127; x_wconf 74' lang='grc' dir='ltr'><em>Βῷοντο</em></span> <span class='ocrx_word' id='word_1_201' title='bbox 1123 3057 1188 3110; x_wconf 81' lang='grc' dir='ltr'><em>δεῖν</em></span> 
     </span>
     <span class='ocr_line' id='line_1_27' title="bbox 166 3077 1187 3198; baseline -0.007 -13"><span class='ocrx_word' id='word_1_202' title='bbox 166 3129 299 3198; x_wconf 84' lang='grc' dir='ltr'><em>συνάγειν</em></span> <span class='ocrx_word' id='word_1_203' title='bbox 318 3131 342 3182; x_wconf 89' lang='grc' dir='ltr'>Α</span> <span class='ocrx_word' id='word_1_204' title='bbox 361 3077 395 3182; x_wconf 71' lang='grc' dir='ltr'><em>δ</em></span> <span class='ocrx_word' id='word_1_205' title='bbox 412 3126 544 3196; x_wconf 88' lang='grc' dir='ltr'><em>συνάγειν</em></span> <span class='ocrx_word' id='word_1_206' title='bbox 563 3127 625 3180; x_wconf 85' lang='grc' dir='ltr'><em>δεῖν</em></span> <span class='ocrx_word' id='word_1_207' title='bbox 643 3126 668 3178; x_wconf 84' lang='lat' dir='ltr'>R</span> <span class='ocrx_word' id='word_1_208' title='bbox 723 3131 739 3179; x_wconf 81' lang='grc' dir='ltr'>ὅ</span> <span class='ocrx_word' id='word_1_209' title='bbox 759 3125 903 3196; x_wconf 72' lang='grc' dir='ltr'><em>φυλετικαὶ</em></span> <span class='ocrx_word' id='word_1_210' title='bbox 923 3125 945 3180; x_wconf 91' lang='grc' dir='ltr'>Ο</span> <span class='ocrx_word' id='word_1_211' title='bbox 964 3109 1044 3196; x_wconf 80' lang='grc' dir='ltr'><em>ψιλόλ</em></span> <span class='ocrx_word' id='word_1_212' title='bbox 1063 3125 1187 3196; x_wconf 83' lang='lat' dir='ltr'>Sylburg</span> 
     </span>
     <span class='ocr_line' id='line_1_28' title="bbox 166 3182 1187 3292; baseline -0.005 -37"><span class='ocrx_word' id='word_1_213' title='bbox 166 3210 182 3256; x_wconf 84' lang='lat'><strong>6</strong></span> <span class='ocrx_word' id='word_1_214' title='bbox 206 3182 439 3292; x_wconf 81' lang='grc' dir='ltr'><em>ἀπεριμμένόνΒ</em></span> <span class='ocrx_word' id='word_1_215' title='bbox 512 3203 527 3252; x_wconf 80' lang='grc'><strong>7</strong></span> <span class='ocrx_word' id='word_1_216' title='bbox 553 3198 619 3251; x_wconf 88' lang='grc' dir='ltr'><em>ίσων</em></span> <span class='ocrx_word' id='word_1_217' title='bbox 637 3195 744 3267; x_wconf 81' lang='grc' dir='ltr'><em>ψηφων</em></span> <span class='ocrx_word' id='word_1_218' title='bbox 769 3196 791 3251; x_wconf 95' lang='grc'><strong>0</strong></span> <span class='ocrx_word' id='word_1_219' title='bbox 814 3199 928 3266; x_wconf 75' lang='lat' dir='ltr'>praeter</span> <span class='ocrx_word' id='word_1_220' title='bbox 950 3196 973 3250; x_wconf 90' lang='grc' dir='ltr'><strong>Β</strong></span> <span class='ocrx_word' id='word_1_221' title='bbox 1048 3201 1081 3250; x_wconf 88' lang='grc'><em>10</em></span> <span class='ocrx_word' id='word_1_222' title='bbox 1104 3197 1187 3251; x_wconf 85' lang='grc' dir='ltr'><em>αύτολ</em></span> 
     </span>
     <span class='ocr_line' id='line_1_29' title="bbox 167 3267 1188 3358; baseline -0.006 -31"><span class='ocrx_word' id='word_1_223' title='bbox 167 3267 287 3327; x_wconf 83' lang='grc' dir='ltr'><em>Οούτοι</em></span> <span class='ocrx_word' id='word_1_224' title='bbox 305 3269 451 3358; x_wconf 74' lang='lat' dir='ltr'>Kieusling</span> <span class='ocrx_word' id='word_1_225' title='bbox 469 3268 524 3323; x_wconf 80' lang='lat' dir='ltr'><em>del</em></span> <span class='ocrx_word' id='word_1_226' title='bbox 542 3268 650 3336; x_wconf 73' lang='lat' dir='ltr'><strong>Kayser</strong></span> <span class='ocrx_word' id='word_1_227' title='bbox 668 3269 740 3326; x_wconf 84' lang='lat' dir='ltr'>Ann.</span> <span class='ocrx_word' id='word_1_228' title='bbox 758 3268 828 3338; x_wconf 91' lang='lat' dir='ltr'>phil</span> <span class='ocrx_word' id='word_1_229' title='bbox 850 3273 962 3338; x_wconf 80' lang='lat' dir='ltr'>1868p</span> <span class='ocrx_word' id='word_1_230' title='bbox 981 3273 1032 3323; x_wconf 82' lang='lat'><em>815</em></span> <span class='ocrx_word' id='word_1_231' title='bbox 1089 3274 1122 3321; x_wconf 84' lang='lat'><em>15</em></span> <span class='ocrx_word' id='word_1_232' title='bbox 1142 3267 1188 3322; x_wconf 82' lang='grc' dir='ltr'><em>λε’</em></span> 
     </span>
     <span class='ocr_line' id='line_1_30' title="bbox 165 3335 1185 3414; baseline -0.003 -17"><span class='ocrx_word' id='word_1_233' title='bbox 165 3342 280 3414; x_wconf 76' lang='grc' dir='ltr'><em>γεσδαι]</em></span> <span class='ocrx_word' id='word_1_234' title='bbox 303 3338 440 3409; x_wconf 74' lang='grc' dir='ltr'><em>γενέσθαι</em></span> <span class='ocrx_word' id='word_1_235' title='bbox 463 3357 486 3395; x_wconf 83' lang='lat' dir='ltr'><em>e.</em></span> <span class='ocrx_word' id='word_1_236' title='bbox 506 3338 649 3408; x_wconf 80' lang='lat' dir='ltr'>Kiessling</span> <span class='ocrx_word' id='word_1_237' title='bbox 723 3347 755 3394; x_wconf 83' lang='grc'><em>17</em></span> <span class='ocrx_word' id='word_1_238' title='bbox 783 3335 988 3394; x_wconf 78' lang='grc' dir='ltr'><em>έπέστειλανΑ</em></span> <span class='ocrx_word' id='word_1_239' title='bbox 1013 3344 1017 3407; x_wconf 91' lang='grc' dir='ltr'>Ι</span> <span class='ocrx_word' id='word_1_240' title='bbox 1042 3337 1185 3408; x_wconf 81' lang='grc' dir='ltr'><em>λόχουςΑ</em></span> 
     </span>
     <span class='ocr_line' id='line_1_31' title="bbox 165 3408 1187 3492; baseline -0.007 -23"><span class='ocrx_word' id='word_1_241' title='bbox 165 3420 200 3470; x_wconf 81' lang='lat'><em>20</em></span> <span class='ocrx_word' id='word_1_242' title='bbox 226 3413 463 3492; x_wconf 76' lang='grc' dir='ltr'><em>ἀνταποδοδήναι</em></span> <span class='ocrx_word' id='word_1_243' title='bbox 486 3427 509 3465; x_wconf 88' lang='grc' dir='ltr'><em>ο.</em></span> <span class='ocrx_word' id='word_1_244' title='bbox 533 3409 677 3479; x_wconf 81' lang='lat' dir='ltr'><strong>Kiessling</strong></span> <span class='ocrx_word' id='word_1_245' title='bbox 748 3419 781 3464; x_wconf 77' lang='lat'><em>21</em></span> <span class='ocrx_word' id='word_1_246' title='bbox 809 3409 949 3480; x_wconf 86' lang='grc' dir='ltr'><em>χρείανΟ</em></span> <span class='ocrx_word' id='word_1_247' title='bbox 974 3408 1057 3479; x_wconf 89' lang='grc' dir='ltr'><em>χάριν</em></span> <span class='ocrx_word' id='word_1_248' title='bbox 1079 3427 1101 3465; x_wconf 84' lang='lat' dir='ltr'><em>c.</em></span> <span class='ocrx_word' id='word_1_249' title='bbox 1122 3409 1187 3463; x_wconf 86' lang='lat' dir='ltr'>Sin-</span> 
     </span>
     <span class='ocr_line' id='line_1_32' title="bbox 165 3481 507 3540; baseline -0.012 -1"><span class='ocrx_word' id='word_1_250' title='bbox 165 3484 240 3540; x_wconf 74' lang='lat' dir='ltr'><strong>tenis</strong></span> <span class='ocrx_word' id='word_1_251' title='bbox 258 3484 319 3540; x_wconf 82' lang='lat' dir='ltr'><em>Em.</em></span> <span class='ocrx_word' id='word_1_252' title='bbox 339 3481 422 3536; x_wconf 89' lang='lat' dir='ltr'><strong>Dion.</strong></span> <span class='ocrx_word' id='word_1_253' title='bbox 443 3485 507 3535; x_wconf 77' lang='lat'><em>127</em></span> 
     </span>
    </p>
   </div>
   <div class='ocr_carea' id='block_1_4' title="bbox 0 0 1334 3976">
    <p class='ocr_par' dir='ltr' id='par_1_7' title="bbox 0 0 1334 3976">
     <span class='ocr_line' id='line_1_33' title="bbox 0 0 1334 3976; baseline 0 1"><span class='ocrx_word' id='word_1_254' title='bbox 0 0 1334 3976; x_wconf 95' lang='lat' dir='ltr'><em> </em></span> 
     </span>
    </p>
   </div>
  </div>
 </body>
</html>
