2660 3976
170 211 237 277 162
593 211 762 261 -11-

169 373 283 458 μάζειν
305 371 410 457 ἀξιον,
431 382 501 449 πῶς
523 369 648 454 λέληθέ
667 386 704 435 σε
727 375 915 456 πολεμικῶν
938 372 1019 436 όντα
1036 371 1188 454 πραγμά-

169 502 236 546 των
259 482 432 565 ἔμπειρον,
456 478 566 544 ὅτιτὸ
589 477 678 562 παρὰ
699 479 740 542 τδι
763 477 857 542 δεινά
880 478 1043 560 εὔτολμον
1065 475 1128 542 οάκ
1150 475 1187 555 ἐξ

169 591 245 652 ίσου
266 588 511 672 παραγίνεσθαι
533 589 627 669 φιλεῖ
645 589 716 660 τοῖς
737 579 772 648 θ’
791 579 875 668 ὑπὲρ
894 584 1027 650 οἰκείων
1045 583 1187 667 ἀγαθῶν

168 691 425 776 ἀγωνιζομένοις
446 688 502 755 καλ
524 700 594 766 τοῖς
611 686 665 754 ἐπὶ
682 688 858 776 τάλλότρια
875 687 1127 775 πορευομένοις·
1151 689 1190 754 οἱ

140 796 230 882 ιμέν
253 795 284 881 γ’
307 795 423 880 οὐδέν,
447 795 507 861 έάν
530 797 574 880 μή
597 796 853 880 κατορθώσωσι,
875 795 1093 881 βλάπτονται,
1114 805 1188 873 τοῖς

167 901 200 967 δ’
222 901 338 987 οὐδέν,
366 901 425 968 ἐάν
447 903 623 984 πταίσωσι,
648 905 889 967 καταλείπεται·
916 899 1054 968 καὶτοῦ
1078 900 1186 986 σφάλ-

167 1013 288 1074 λεσθαι
313 1010 371 1086 τάς
393 1007 537 1093 μεγάλας
559 1007 718 1092 δυνάμεις
739 1007 805 1073 ὑπὸ
827 1017 896 1072 τῶν
918 1005 1104 1072 ἐλαττόνων
1126 1004 1261 1074 καλισεν

167 1115 225 1190 τὰς
250 1118 418 1199 κρείττους
443 1115 509 1180 ὑπὸ
532 1124 599 1180 τῶν
621 1111 838 1199 φαυλοτέρων
858 1110 949 1179 τοῦτ’
971 1112 1008 1178 ἐν
1030 1124 1100 1191 τοῖς
1122 1114 1186 1198 μά-

166 1218 251 1286 λιστ’
272 1227 380 1286 αίτιον
402 1215 453 1304 ἦν.
491 1221 584 1303 δεινή
607 1220 671 1304 γάρ
693 1219 714 1302 ἡ
738 1219 876 1302 ἀνάγκη,
898 1216 954 1284 καλ
977 1219 996 1285 ὁ
1017 1217 1094 1300 περὶ
1116 1229 1185 1284 τῶν

126 1349 154 1392 το
167 1325 315 1413 ἐσχάτων
337 1329 495 1404 κίνδυνος
518 1327 631 1403 ίκανὸς
651 1325 779 1411 θάρσος
802 1324 955 1391 ἐνθεῖναί
973 1349 1040 1391 τινι
1062 1323 1118 1390 καλ
1137 1327 1184 1410 μή

165 1434 381 1520 προϋπάρχον
407 1434 515 1519 φύσει.
560 1427 652 1517 εἶχον
678 1435 726 1497 ἔτι
753 1435 855 1497 πλείω
883 1429 992 1514 λέγειν
1014 1427 1099 1516 ὑπὲρ
1120 1440 1184 1497 τοῦ

165 1538 351 1624 ἀδυνάτου,
374 1538 457 1604 ἀλλά
480 1536 535 1604 καλ
557 1535 655 1603 ταῦθ’
680 1537 784 1604 ίκανά.

231 1644 368 1710 XXVII.
398 1636 460 1721 Εἷς
483 1647 531 1709 ἐτι
554 1667 610 1729 μοι
633 1647 861 1710 καταλείπεται
884 1646 996 1726 λόγος,
1019 1643 1060 1709 ὃν
1082 1645 1114 1709 εί
1135 1645 1182 1729 μή

164 1747 233 1834 μετ’
260 1751 375 1835 ὀργῆς,
403 1745 474 1816 ἀλλ’
499 1749 535 1815 ἐκ
558 1756 719 1834 λογισμοῦ
742 1761 881 1836 κρινεῖς,
907 1749 1020 1835 ὀρθῶς
1041 1744 1070 1815 τ’
1092 1752 1183 1837 εἰρή-

123 1882 150 1922 τι
164 1863 246 1923 σθαι
270 1855 359 1935 δόξει
377 1855 432 1922 καλ
449 1858 696 1941 παραστήσεταί
711 1873 765 1922 σοι
783 1854 976 1940 μεταμέλεια
994 1866 1061 1922 τῶν
1079 1878 1182 1941 πρατ-

162 1961 320 2048 τομένων.
365 1965 416 2040 τίς
443 1959 473 2027 δ’
502 1961 592 2028 ἐστιν
619 1957 716 2039 οὗτος
738 1961 757 2028 δ
780 1964 892 2045 λόγος;
920 1959 1036 2028 οὐδενὶ
1061 1968 1180 2050 θνητῷ

163 2070 265 2153 φύντι
287 2066 363 2135 θεολ
386 2079 453 2134 τῶν
476 2070 665 2152 μελλόντων
686 2069 822 2132 ἔσεσθαι
841 2067 979 2152 βεβαίαν
998 2066 1182 2153 ἐπιστήμην

162 2175 291 2240 ἔδωκαν
318 2177 420 2261 ἔχειν,
448 2171 521 2240 οὐδ’
547 2173 589 2239 ἀν
617 2174 728 2258 εὕροις
755 2172 791 2239 ἐκ
818 2182 878 2238 τοῦ
900 2174 1024 2250 παντὸς
1045 2176 1181 2259 αίῶνος,

162 2281 228 2369 ὅτςο
259 2280 365 2346 πάντα
396 2283 479 2347 κατά
510 2290 595 2346 νοῶν
627 2279 771 2365 ἐχώρησε
801 2280 843 2344 τά
872 2279 1046 2366 πράγματα
1073 2277 1182 2364 μηδὲν

121 2371 420 2484 2ξέναντιωθείσης
446 2396 504 2472 τῆς
528 2387 638 2474 τύχης.
682 2383 738 2451 καλ
762 2387 818 2451 διδ
838 2395 938 2450 τοῦτο
962 2386 998 2451 οί
1017 2389 1182 2471 φρονήσει

161 2493 364 2578 προῦχοντες
393 2490 531 2578 ἑτέρων,
560 2491 602 2576 ἣν
630 2492 649 2558 ὁ
676 2493 800 2577 μακρὸς
826 2495 899 2576 βίος
925 2487 981 2556 καλ
1008 2492 1049 2558 τά
1070 2495 1180 2558 πολλὰ

161 2600 341 2684 μαθήματα
367 2597 476 2685 φέρει,
503 2596 583 2684 πρὶν
612 2596 772 2684 ἐγχειρεῖν
800 2597 987 2686 ὁτῳδήποτε
1011 2599 1112 2687 ἐργφ,
1140 2602 1254 2668 τὸ1663

160 2704 255 2782 τέλος
277 2704 380 2771 αὐτοῦ
402 2715 535 2791 πρῶτον
558 2710 686 2770 οίονται
709 2705 783 2769 δεῖν
801 2714 949 2788 σκοπεῖν,
972 2703 1014 2768 οὐ
1031 2704 1179 2791 θάτερον

161 2814 279 2896 μόνον,
297 2811 315 2876 δ
335 2812 514 2894 βούλονται
532 2807 690 2893 γενέσθαι
709 2811 836 2894 σφίσιν,
854 2808 939 2874 ἀλλά
957 2807 1068 2877 καὶτὸ
1086 2814 1179 2898 παρὰ

231 3043 248 3092 4
266 3037 414 3130 τβλλότρια
426 3036 452 3090 A
469 3004 616 3108 τάλλότρια
634 3037 657 3091 Β
673 3039 677 3106 1
694 3034 724 3092 εί
740 3034 792 3128 μὲν
810 3034 864 3105 γάρ
881 3035 921 3124 Α,
985 3042 1001 3090 ό
1021 3031 1073 3091 ἐὰν
1091 3037 1178 3093 οὐδὲν

159 3107 594 3248 λλλλίῖῗάῗιολιὲδδλξέρ,
614 3184 666 3233 169
685 3115 700 3162 ⁶
719 3105 1031 3246 Μαίἶωλλχλωίίέ
1043 3115 1177 3233 ειειλλ

157 3249 275 3304 Hermes
289 3251 315 3304 X
333 3269 360 3318 p.
375 3256 427 3304 411
454 3253 459 3318 1
485 3247 537 3322 ἔτι]
557 3248 600 3304 ὅτι
617 3248 643 3302 Α
725 3254 759 3304 14
777 3249 883 3318 κρίνεις
900 3248 953 3301 ΑΒ
1036 3254 1069 3302 17
1088 3248 1177 3318 φύντι

157 3319 181 3373 Β
200 3320 272 3388 φωτλ
290 3319 356 3390 A(?)
375 3319 496 3389 φόντιΟ
513 3319 563 3375 καλ
581 3321 657 3389 φωτί
670 3318 702 3373 in
718 3335 783 3390 mge
856 3324 889 3374 21
908 3317 999 3373 πολλὰ
1016 3319 1177 3390 μαθήματα

158 3388 241 3460 φέρει
257 3391 283 3445 Α
309 3390 399 3444 πολλὰ
417 3389 499 3459 τάθη
523 3388 716 3461 μεταφέρειΒ
743 3409 773 3444 τ.
797 3388 956 3459 παθήματα
980 3388 1062 3459 φέρει
1079 3389 1176 3445 Kiess·

157 3461 219 3530 ling
291 3465 324 3515 22
345 3456 566 3533 ἐ<γ>χειρείνΒ
639 3467 673 3516 23
693 3459 887 3534 οίοντ<αι>Β
