2586 3972
532 221 810 274 -Θ-’
1008 223 1122 286 ·279

8 413 10 452 ι
104 381 270 466 γένωνται
289 384 507 469 στασιαζούσῃ
528 383 669 466 δυνάμει
687 392 726 468 τῇ
746 382 890 471 σφετέρᾳ
907 386 990 465 πρὸς
1003 385 1122 470 ὁμονο-

105 497 212 555 οῦσαν
235 489 297 571 τήν
320 500 388 554 τῶν
405 492 572 575 πολεμίων
592 489 842 574 ἀντιταξάμενοι
860 489 1122 576 ὑπερβαλέσθαι·

105 594 215 661 ἐδόκει
238 592 267 660 τ’
290 595 403 673 αὑτοῖς
426 595 695 682 ὀχυρωσαμένοις
715 597 755 660 τά
774 598 978 683 στρατόπεδα
996 601 1123 682 τρίβειν

104 703 164 768 τὸν
193 704 341 785 πόλεμον
369 701 613 788 ἐκδεχομένοις,
645 708 680 767 εῖ
703 725 778 768 τινα
807 704 906 768 δώσει
933 702 1124 781 πλεονεξίας

104 807 262 893 ἀφορμήν
294 807 408 884 αὐτοῖς
437 810 474 873 τὸ
505 820 571 874 τῶν
601 812 771 892 πολεμίων
800 809 929 895 θράσος
958 808 1123 899 ἀλογίστῳ
1150 833 1164 872 ε

105 915 351 999 καταφρονήσει
380 911 536 1000 ἐπαρθέν.
582 912 821 1000 ἀκροβολισμοὶ
849 916 890 999 δή
918 917 999 1000 μετὰ
1025 926 1123 982 τοῦτο

104 1031 256 1104 συνεχεῖς
280 1019 430 1103 έγίνοντο
449 1018 504 1086 καὶ
522 1026 631 1100 φιλῶν
650 1019 837 1105 συμπλοκαὶ
855 1025 1017 1107 βραχεῖαι,
1040 1020 1123 1107 μέγα

105 1125 136 1191 δ’
161 1127 181 1210 ή
205 1129 358 1212 λαμπρὸν
380 1128 479 1213 ἔργον
503 1127 612 1192 οὐδέν.

174 1232 232 1296 Vl.
267 1233 313 1297 Οί
337 1229 375 1298 δέ
403 1231 570 1320 Τυρρηνοὶ
592 1232 776 1319 ἀχθόμενοι
799 1242 838 1318 τῇ
861 1238 958 1320 τριβή
981 1244 1041 1301 τοῦ
1064 1257 1123 1300 πο-

41 1336 208 1423 ιιόιλέμου
234 1340 362 1405 δειλίαν
385 1337 413 1403 τ’
437 1340 609 1418 ὠνείδιζον
631 1352 700 1416 τοῖς
717 1338 902 1424 Ῥωμαίοις,
925 1338 1038 1423 ἐπειδὴ
1062 1340 1123 1404 οὐκ
1139 1369 1163 1407 ιο

105 1444 246 1532 ἐξῄεσαν
276 1448 324 1523 είς
353 1446 477 1531 μάχην,
506 1445 562 1511 καὶ
590 1447 634 1523 ὡς
661 1448 985 1530 παρακεχωρηκότων
1012 1447 1124 1512 αὐτῶν

105 1556 201 1638 σφίσι
229 1561 286 1636 τῆς
313 1552 483 1637 ὑπαίθρου
512 1550 595 1635 μέγα
625 1551 801 1637 ἐφρόνουν.
824 1549 902 1644 Ικαὶ
925 1554 973 1617 έτι
996 1543 1123 1637 μᾶλλον

105 1659 302 1744 ἐπήρθησαν
330 1661 377 1734 είς
404 1658 591 1744 ὑπεροψίαν
612 1667 674 1724 τοῦ
696 1657 878 1723 ἀντιπάλου
902 1669 1045 1746 στρατοῦ
1067 1657 1123 1725 καὶ

104 1767 356 1851 καταφρόνησιν
379 1776 447 1830 τῶν
470 1765 605 1830 ὑπάτων
628 1763 784 1842 δόξαντες
805 1764 861 1830 καὶ
884 1768 921 1832 τό
944 1772 1042 1832 θεῖον
1065 1765 1123 1829 αὑ-

6 1871 9 1890 *
104 1883 174 1948 τοῖς
204 1883 398 1957 συμμαχεῖν.
443 1880 503 1937 τοῦ
527 1872 589 1958 γὰρ
613 1868 728 1957 ἑτέρου
750 1882 817 1937 των
839 1872 975 1937 ὑπάτων
998 1857 1163 1973 svam}

105 1981 265 2043 Μαλλίου
292 1978 453 2061 κεραυνὸς
481 1978 528 2054 είς
550 1980 587 2043 τὸ
611 1979 809 2065 στρατήγιον
833 1977 982 2062 ἐμπεσὼν
1005 1979 1066 2060 τήν
1088 2000 1122 2042 τε

6 2161 8 2176 ⁸
106 2085 234 2170 σκηνήν
259 2080 414 2148 διέσπασε
438 2080 493 2149 καὶ
517 2084 577 2167 τήν
597 2082 709 2148 ἑστίαν
729 2081 887 2167 ἀνέτρεψε
906 2081 960 2148 καὶ
978 2093 1046 2147 τῶν
1065 2105 1124 2149 πο-

6 2269 8 2278 ,
56 2269 60 2281 ¹
107 2193 329 2275 λεμιστηρίων
344 2189 456 2254 ὅπλων
475 2189 515 2254 τά
534 2184 595 2272 μὲν
615 2189 786 2270 ἐσπίλωσε,
805 2189 845 2252 τά
864 2186 902 2253 δέ
918 2188 1123 2273 περιέκαυσε,

106 2299 145 2362 τά
174 2294 206 2362 δ’
236 2299 283 2374 είς
305 2293 398 2372 τέλος
421 2295 599 2379 ήφάνισεν·
631 2294 800 2360 ἀπέκτεινε
823 2289 860 2358 δὲ
882 2293 937 2360 καὶ
961 2298 1019 2362 τὸν
1042 2301 1123 2380 λαμ-

107 2407 273 2489 πρότατον
305 2402 408 2467 αὑτοῦ
444 2405 512 2466 τῶν
544 2403 669 2485 ἵππων,
706 2395 732 2488 ᾧ
764 2402 853 2484 παρὰ
884 2405 962 2478 τοὺς
994 2401 1124 2486 ἀγῶνας
1137 2432 1164 2471 ω

108 2510 238 2594 έχρήτο,
260 2505 316 2574 καὶ
338 2519 405 2574 τῶν
428 2510 647 2593 θεραπόντων
670 2509 772 2584 τινάς.
809 2510 975 2590 λεγόντων
996 2507 1034 2574 δέ
1056 2515 1158 2578 τῶν3

108 2617 259 2700 μάντεων
288 2624 349 2680 τοῦ
380 2638 414 2680 τε
446 2615 588 2700 χάρακος
620 2615 746 2678 ἀλωσιν
777 2619 1018 2701 προσημαίνειν
1047 2618 1124 2692 τοὺς

105 2726 211 2799 θεοὺς
233 2719 288 2786 καὶ
310 2732 377 2787 τῶν
401 2718 669 2805 ἐπιφανεστάτων
693 2718 826 2806 ἀνδρῶν
845 2721 1022 2806 ἀπώλειαν,
1045 2720 1124 2786 ἀνα-

108 2832 231 2914 στήσας
266 2828 328 2912 τήν
366 2829 510 2911 δύναμιν
543 2826 561 2891 ὁ
594 2825 748 2902 Μάλλιος
780 2826 885 2910 ἀπήγε
915 2826 990 2913 περὶ
1023 2826 1124 2911 μέσας

107 2939 230 3012 νύκτας
260 2933 313 3000 ἐπὶ
340 2936 401 3000 τὸν
428 2931 542 3020 ἕτερον
569 2932 696 3018 χάρακα
723 2931 778 2997 καὶ
806 2935 886 3017 μετὰ
913 2945 974 3000 τοῦ
1002 2934 1124 3018 συνάρ-
1138 2933 1164 2992 ’ω

107 3067 226 3130 χοντος
248 3038 597 3126 κατεστρατοπέδευσε.
634 3042 800 3124 μαθόντες
822 3035 885 3106 οὑν
903 3042 939 3106 ολ
959 3038 1160 3125 Τυρρηνολ4

108 3151 170 3234 τήν
191 3148 499 3257 ἀπανάστασινιτοὺ
517 3154 704 3232 στρατηγοῦ
721 3151 788 3229 καί,
812 3143 856 3210 δι’
875 3147 914 3224 ἃς
932 3147 1036 3223 αίτίας
1055 3145 1124 3229 έγέ-

182 3349 198 3396 3
222 3336 444 3411 έχνρωσιιμένοις
466 3340 489 3394 Β
590 3345 623 3392 14
647 3339 743 3400 αὑτοῖς
763 3337 813 3390 ΑΒ
912 3345 947 3393 ’17
971 3337 1124 3411 ἀνέστρεφε

109 3413 163 3466 AB
181 3429 252 3467 corr.
272 3410 394 3480 Sylburg
415 3501 419 3511 Ι
502 3417 536 3464 22
556 3413 586 3464 et
603 3429 631 3480 p.
646 3415 699 3464 280
717 3429 743 3464 v.
760 3416 791 3463 13
810 3409 1060 3534 προοημῖαί>νειν
1080 3412 1125 3467 Bb

111 3490 145 3538 27
165 3483 321 3539 ἀπόστασιν
341 3482 363 3536 O
386 3483 501 3551 μιοοῖοε
520 3482 541 3534 Β
563 3484 567 3552 ή
588 3481 637 3536 καὶ
656 3480 710 3535 del.
730 3495 791 3552 ρεεο
811 3498 833 3536 ο.
852 3481 935 3535 Κιεεε
947 3499 997 3552 mg
