<?xml version="1.0" encoding="UTF-8"?>
<!DOCTYPE html PUBLIC "-//W3C//DTD XHTML 1.0 Transitional//EN"
    "http://www.w3.org/TR/xhtml1/DTD/xhtml1-transitional.dtd">
<html xmlns="http://www.w3.org/1999/xhtml" xml:lang="en" lang="en">
 <head>
  <title>
</title>
<meta http-equiv="Content-Type" content="text/html;charset=utf-8" />
  <meta name='ocr-system' content='tesseract 3.04.00' />
  <meta name='ocr-capabilities' content='ocr_page ocr_carea ocr_par ocr_line ocrx_word'/>
</head>
<body>
  <div class='ocr_page' id='page_1' title='image "./dionysihalicarn00unkngoog/dionysihalicarn00unkngoog_0336.png"; bbox 0 0 2656 3974; ppageno 0'>
   <div class='ocr_carea' id='block_1_1' title="bbox 182 181 773 246">
    <p class='ocr_par' dir='ltr' id='par_1_1' title="bbox 182 181 773 246">
     <span class='ocr_line' id='line_1_1' title="bbox 182 181 773 246; baseline -0.008 -3"><span class='ocrx_word' id='word_1_1' title='bbox 182 181 248 246; x_wconf 83' lang='lat'><strong><em>318</em></strong></span> <span class='ocrx_word' id='word_1_2' title='bbox 607 185 773 238; x_wconf 86' lang='grc' dir='ltr'><strong><em>-Θ-</em></strong></span> 
     </span>
    </p>
   </div>
   <div class='ocr_carea' id='block_1_2' title="bbox 143 343 1312 2884">
    <p class='ocr_par' dir='ltr' id='par_1_2' title="bbox 156 343 1202 1285">
     <span class='ocr_line' id='line_1_2' title="bbox 182 343 1201 433; baseline 0.003 -25"><span class='ocrx_word' id='word_1_3' title='bbox 182 345 305 425; x_wconf 84' lang='grc' dir='ltr'><strong><em>τροπάς</em></strong></span> <span class='ocrx_word' id='word_1_4' title='bbox 323 343 498 424; x_wconf 80' lang='grc' dir='ltr'><strong><em>Σεξτιλίου</em></strong></span> <span class='ocrx_word' id='word_1_5' title='bbox 519 348 624 431; x_wconf 82' lang='grc' dir='ltr'><strong><em>μηνὸς</em></strong></span> <span class='ocrx_word' id='word_1_6' title='bbox 642 346 940 433; x_wconf 76' lang='grc' dir='ltr'><strong><em>παραλαμβάνουσι</em></strong></span> <span class='ocrx_word' id='word_1_7' title='bbox 959 347 1021 430; x_wconf 81' lang='grc' dir='ltr'><strong><em>τὴν</em></strong></span> <span class='ocrx_word' id='word_1_8' title='bbox 1039 345 1201 411; x_wconf 79' lang='grc' dir='ltr'><strong><em>ὑπατείαν</em></strong></span> 
     </span>
     <span class='ocr_line' id='line_1_3' title="bbox 182 449 1202 539; baseline 0.003 -25"><span class='ocrx_word' id='word_1_9' title='bbox 182 451 303 536; x_wconf 76' lang='grc' dir='ltr'><strong><em>ἄνδρες</em></strong></span> <span class='ocrx_word' id='word_1_10' title='bbox 329 453 479 539; x_wconf 86' lang='grc' dir='ltr'><strong><em>ἐμπειροι</em></strong></span> <span class='ocrx_word' id='word_1_11' title='bbox 502 451 657 538; x_wconf 86' lang='grc' dir='ltr'><strong><em>πολέμων</em></strong></span> <span class='ocrx_word' id='word_1_12' title='bbox 680 454 843 538; x_wconf 84' lang='grc' dir='ltr'><strong><em>Σερούιός</em></strong></span> <span class='ocrx_word' id='word_1_13' title='bbox 865 476 899 518; x_wconf 87' lang='grc' dir='ltr'><strong><em>τε</em></strong></span> <span class='ocrx_word' id='word_1_14' title='bbox 924 455 1123 534; x_wconf 84' lang='grc' dir='ltr'><strong><em>Σερουίλιος</em></strong></span> <span class='ocrx_word' id='word_1_15' title='bbox 1146 449 1202 517; x_wconf 80' lang='grc' dir='ltr'><strong><em>καὶ</em></strong></span> 
     </span>
     <span class='ocr_line' id='line_1_4' title="bbox 181 551 1202 646; baseline 0.002 -23"><span class='ocrx_word' id='word_1_16' title='bbox 181 551 295 634; x_wconf 81' lang='grc' dir='ltr'><em>Αὖλος</em></span> <span class='ocrx_word' id='word_1_17' title='bbox 319 559 530 646; x_wconf 86' lang='grc' dir='ltr'><strong><em>Οὐεργίνιος,</em></strong></span> <span class='ocrx_word' id='word_1_18' title='bbox 558 551 609 637; x_wconf 86' lang='grc' dir='ltr'><strong><em>οἷς</em></strong></span> <span class='ocrx_word' id='word_1_19' title='bbox 634 560 652 626; x_wconf 87' lang='grc' dir='ltr'><strong><em>δ</em></strong></span> <span class='ocrx_word' id='word_1_20' title='bbox 674 561 758 644; x_wconf 85' lang='grc' dir='ltr'><strong><em>πρὸς</em></strong></span> <span class='ocrx_word' id='word_1_21' title='bbox 779 562 859 636; x_wconf 86' lang='grc' dir='ltr'><strong><em>τοὺς</em></strong></span> <span class='ocrx_word' id='word_1_22' title='bbox 885 562 1081 646; x_wconf 85' lang='grc' dir='ltr'><strong><em>Τυρρηνοὺς</em></strong></span> <span class='ocrx_word' id='word_1_23' title='bbox 1103 563 1202 625; x_wconf 87' lang='grc' dir='ltr'><strong><em>πόλε-</em></strong></span> 
     </span>
     <span class='ocr_line' id='line_1_5' title="bbox 182 662 1201 752; baseline 0 -21"><span class='ocrx_word' id='word_1_24' title='bbox 182 688 244 749; x_wconf 92' lang='grc' dir='ltr'><strong><em>μος</em></strong></span> <span class='ocrx_word' id='word_1_25' title='bbox 279 669 386 733; x_wconf 90' lang='grc' dir='ltr'><strong><em>καίτοι</em></strong></span> <span class='ocrx_word' id='word_1_26' title='bbox 418 665 519 751; x_wconf 92' lang='grc' dir='ltr'><strong><em>μέγας</em></strong></span> <span class='ocrx_word' id='word_1_27' title='bbox 551 662 606 732; x_wconf 84' lang='grc' dir='ltr'><strong><em>καὶ</em></strong></span> <span class='ocrx_word' id='word_1_28' title='bbox 638 668 779 751; x_wconf 86' lang='grc' dir='ltr'><strong><em>χαλεπὸς</em></strong></span> <span class='ocrx_word' id='word_1_29' title='bbox 810 666 858 732; x_wconf 79' lang='grc' dir='ltr'><strong><em>ὢν</em></strong></span> <span class='ocrx_word' id='word_1_30' title='bbox 889 669 1013 752; x_wconf 87' lang='grc' dir='ltr'><strong><em>χρυσὸς</em></strong></span> <span class='ocrx_word' id='word_1_31' title='bbox 1045 664 1201 750; x_wconf 80' lang='grc' dir='ltr'><strong><em>ἐφαίνετο</em></strong></span> 
     </span>
     <span class='ocr_line' id='line_1_6' title="bbox 156 770 1199 859; baseline -0.002 -21"><span class='ocrx_word' id='word_1_32' title='bbox 156 773 270 858; x_wconf 76' lang='grc' dir='ltr'><strong><em>επαρά</em></strong></span> <span class='ocrx_word' id='word_1_33' title='bbox 299 775 359 838; x_wconf 91' lang='grc' dir='ltr'><strong><em>τὸν</em></strong></span> <span class='ocrx_word' id='word_1_34' title='bbox 389 771 482 849; x_wconf 83' lang='grc' dir='ltr'><strong><em>ἐντὸς</em></strong></span> <span class='ocrx_word' id='word_1_35' title='bbox 511 775 640 858; x_wconf 79' lang='grc' dir='ltr'><strong><em>τείχους</em></strong></span> <span class='ocrx_word' id='word_1_36' title='bbox 669 771 904 857; x_wconf 77' lang='grc' dir='ltr'><strong><em>ἐξεταζόμενος.</em></strong></span> <span class='ocrx_word' id='word_1_37' title='bbox 955 770 1106 859; x_wconf 77' lang='grc' dir='ltr'><strong><em>ἀσπόρου</em></strong></span> <span class='ocrx_word' id='word_1_38' title='bbox 1135 773 1199 858; x_wconf 85' lang='grc' dir='ltr'><strong><em>γάρ</em></strong></span> 
     </span>
     <span class='ocr_line' id='line_1_7' title="bbox 182 877 1200 967; baseline 0.001 -24"><span class='ocrx_word' id='word_1_39' title='bbox 182 888 240 963; x_wconf 79' lang='grc' dir='ltr'><strong><em>τῆς</em></strong></span> <span class='ocrx_word' id='word_1_40' title='bbox 266 879 375 965; x_wconf 83' lang='grc' dir='ltr'><strong><em>χώρας</em></strong></span> <span class='ocrx_word' id='word_1_41' title='bbox 402 878 440 944; x_wconf 79' lang='grc' dir='ltr'><strong><em>ἐν</em></strong></span> <span class='ocrx_word' id='word_1_42' title='bbox 462 887 508 967; x_wconf 75' lang='grc' dir='ltr'><strong><em>τῷ</em></strong></span> <span class='ocrx_word' id='word_1_43' title='bbox 530 881 735 961; x_wconf 87' lang='grc' dir='ltr'><strong><em>παρελθόντι</em></strong></span> <span class='ocrx_word' id='word_1_44' title='bbox 758 889 895 965; x_wconf 76' lang='grc' dir='ltr'><strong><em>χειμῶνι</em></strong></span> <span class='ocrx_word' id='word_1_45' title='bbox 919 879 975 944; x_wconf 82' lang='grc' dir='ltr'><strong><em>διὰ</em></strong></span> <span class='ocrx_word' id='word_1_46' title='bbox 998 879 1058 944; x_wconf 84' lang='grc' dir='ltr'><strong><em>τὸν</em></strong></span> <span class='ocrx_word' id='word_1_47' title='bbox 1080 877 1200 944; x_wconf 87' lang='grc' dir='ltr'><strong><em>ἐπιτει-</em></strong></span> 
     </span>
     <span class='ocr_line' id='line_1_8' title="bbox 181 982 1200 1071; baseline 0.002 -23"><span class='ocrx_word' id='word_1_48' title='bbox 181 986 302 1071; x_wconf 86' lang='grc' dir='ltr'><strong><em>χισμὸν</em></strong></span> <span class='ocrx_word' id='word_1_49' title='bbox 328 993 389 1050; x_wconf 88' lang='grc' dir='ltr'><strong><em>τοῦ</em></strong></span> <span class='ocrx_word' id='word_1_50' title='bbox 416 987 558 1068; x_wconf 89' lang='grc' dir='ltr'><strong><em>πλησίον</em></strong></span> <span class='ocrx_word' id='word_1_51' title='bbox 584 987 684 1071; x_wconf 85' lang='grc' dir='ltr'><strong><em>ὄρους</em></strong></span> <span class='ocrx_word' id='word_1_52' title='bbox 706 982 762 1050; x_wconf 85' lang='grc' dir='ltr'><strong><em>καλ</em></strong></span> <span class='ocrx_word' id='word_1_53' title='bbox 784 986 843 1063; x_wconf 81' lang='grc' dir='ltr'><strong><em>τὰς</em></strong></span> <span class='ocrx_word' id='word_1_54' title='bbox 865 996 1016 1071; x_wconf 75' lang='grc' dir='ltr'><strong><em>συνεχεῖς</em></strong></span> <span class='ocrx_word' id='word_1_55' title='bbox 1038 987 1200 1070; x_wconf 91' lang='grc' dir='ltr'><strong><em>καταδρο-</em></strong></span> 
     </span>
     <span class='ocr_line' id='line_1_9' title="bbox 182 1087 1200 1178; baseline 0 -22"><span class='ocrx_word' id='word_1_56' title='bbox 182 1092 244 1175; x_wconf 79' lang='grc' dir='ltr'><strong><em>μὰς</em></strong></span> <span class='ocrx_word' id='word_1_57' title='bbox 266 1089 457 1176; x_wconf 79' lang='grc' dir='ltr'><strong><em>γενομένης,</em></strong></span> <span class='ocrx_word' id='word_1_58' title='bbox 479 1088 535 1158; x_wconf 81' lang='grc' dir='ltr'><strong><em>καὶ</em></strong></span> <span class='ocrx_word' id='word_1_59' title='bbox 558 1087 638 1156; x_wconf 67' lang='grc' dir='ltr'><strong><em>οὐδὲ</em></strong></span> <span class='ocrx_word' id='word_1_60' title='bbox 659 1101 728 1157; x_wconf 82' lang='grc' dir='ltr'><strong><em>τῶν</em></strong></span> <span class='ocrx_word' id='word_1_61' title='bbox 752 1090 908 1178; x_wconf 89' lang='grc' dir='ltr'><strong><em>ἐμπόρων</em></strong></span> <span class='ocrx_word' id='word_1_62' title='bbox 929 1095 977 1157; x_wconf 81' lang='grc' dir='ltr'><strong><em>ἔτι</em></strong></span> <span class='ocrx_word' id='word_1_63' title='bbox 995 1094 1054 1170; x_wconf 83' lang='grc' dir='ltr'><strong><em>τάς</em></strong></span> <span class='ocrx_word' id='word_1_64' title='bbox 1072 1091 1200 1170; x_wconf 83' lang='grc' dir='ltr'><strong><em>ἔξωθεν</em></strong></span> 
     </span>
     <span class='ocr_line' id='line_1_10' title="bbox 182 1195 1200 1285; baseline 0.001 -23"><span class='ocrx_word' id='word_1_65' title='bbox 182 1196 426 1281; x_wconf 77' lang='grc' dir='ltr'><strong><em>ἐπεισαγόντων</em></strong></span> <span class='ocrx_word' id='word_1_66' title='bbox 448 1195 571 1283; x_wconf 77' lang='grc' dir='ltr'><strong><em>ἀγορὰς</em></strong></span> <span class='ocrx_word' id='word_1_67' title='bbox 594 1196 713 1274; x_wconf 79' lang='grc' dir='ltr'><strong><em>σπάνις</em></strong></span> <span class='ocrx_word' id='word_1_68' title='bbox 737 1198 857 1285; x_wconf 80' lang='grc' dir='ltr'><strong><em>ἰσχυρά</em></strong></span> <span class='ocrx_word' id='word_1_69' title='bbox 881 1201 975 1263; x_wconf 89' lang='grc' dir='ltr'><strong><em>σίτου</em></strong></span> <span class='ocrx_word' id='word_1_70' title='bbox 993 1199 1055 1281; x_wconf 81' lang='grc' dir='ltr'><strong><em>την</em></strong></span> <span class='ocrx_word' id='word_1_71' title='bbox 1069 1195 1200 1282; x_wconf 82' lang='grc' dir='ltr'><strong><em>Ῥώμην</em></strong></span> 
     </span>
    </p>

    <p class='ocr_par' dir='ltr' id='par_1_3' title="bbox 143 1298 1201 1392">
     <span class='ocr_line' id='line_1_11' title="bbox 143 1298 1201 1392; baseline 0 -22"><span class='ocrx_word' id='word_1_72' title='bbox 143 1329 169 1370; x_wconf 90' lang='lat'><strong><em>10</em></strong></span> <span class='ocrx_word' id='word_1_73' title='bbox 181 1303 318 1392; x_wconf 89' lang='grc' dir='ltr'><strong><em>κατέσχε</em></strong></span> <span class='ocrx_word' id='word_1_74' title='bbox 346 1307 469 1391; x_wconf 77' lang='grc' dir='ltr'><strong><em>μεστὴν</em></strong></span> <span class='ocrx_word' id='word_1_75' title='bbox 497 1298 602 1369; x_wconf 81' lang='grc' dir='ltr'><strong><em>οὖσαν</em></strong></span> <span class='ocrx_word' id='word_1_76' title='bbox 630 1306 732 1389; x_wconf 87' lang='grc' dir='ltr'><strong><em>όχλου</em></strong></span> <span class='ocrx_word' id='word_1_77' title='bbox 760 1313 820 1370; x_wconf 87' lang='grc' dir='ltr'><strong><em>τοῦ</em></strong></span> <span class='ocrx_word' id='word_1_78' title='bbox 847 1328 882 1371; x_wconf 90' lang='grc' dir='ltr'><strong><em>τε</em></strong></span> <span class='ocrx_word' id='word_1_79' title='bbox 909 1306 1116 1371; x_wconf 78' lang='grc' dir='ltr'><strong><em>κατοικιδίου</em></strong></span> <span class='ocrx_word' id='word_1_80' title='bbox 1145 1303 1201 1370; x_wconf 85' lang='grc' dir='ltr'><strong><em>καλ</em></strong></span> 
     </span>
    </p>

    <p class='ocr_par' dir='ltr' id='par_1_4' title="bbox 146 1408 1266 1819">
     <span class='ocr_line' id='line_1_12' title="bbox 146 1408 1201 1499; baseline -0.003 -18"><span class='ocrx_word' id='word_1_81' title='bbox 146 1420 242 1483; x_wconf 83' lang='grc' dir='ltr'><strong><em>2τοῦ</em></strong></span> <span class='ocrx_word' id='word_1_82' title='bbox 270 1414 534 1499; x_wconf 80' lang='grc' dir='ltr'><strong><em>συνερρυηκότος</em></strong></span> <span class='ocrx_word' id='word_1_83' title='bbox 561 1409 598 1476; x_wconf 84' lang='grc' dir='ltr'><strong><em>ἐκ</em></strong></span> <span class='ocrx_word' id='word_1_84' title='bbox 625 1422 692 1478; x_wconf 83' lang='grc' dir='ltr'><strong><em>τῶν</em></strong></span> <span class='ocrx_word' id='word_1_85' title='bbox 720 1411 842 1499; x_wconf 84' lang='grc' dir='ltr'><strong><em>άγρῶν.</em></strong></span> <span class='ocrx_word' id='word_1_86' title='bbox 887 1423 954 1478; x_wconf 81' lang='grc' dir='ltr'><strong><em>τῶν</em></strong></span> <span class='ocrx_word' id='word_1_87' title='bbox 982 1408 1044 1497; x_wconf 75' lang='grc' dir='ltr'><strong><em>μὲν</em></strong></span> <span class='ocrx_word' id='word_1_88' title='bbox 1071 1413 1136 1499; x_wconf 86' lang='grc' dir='ltr'><strong><em>γάρ</em></strong></span> <span class='ocrx_word' id='word_1_89' title='bbox 1163 1411 1201 1478; x_wconf 83' lang='grc' dir='ltr'><strong><em>ἐν</em></strong></span> 
     </span>
     <span class='ocr_line' id='line_1_13' title="bbox 181 1513 1266 1606; baseline -0.002 -22"><span class='ocrx_word' id='word_1_90' title='bbox 181 1522 247 1606; x_wconf 76' lang='grc' dir='ltr'><strong><em>ἥβη</em></strong></span> <span class='ocrx_word' id='word_1_91' title='bbox 274 1525 419 1585; x_wconf 75' lang='grc' dir='ltr'><strong><em>πολιτῶν</em></strong></span> <span class='ocrx_word' id='word_1_92' title='bbox 446 1514 530 1604; x_wconf 68' lang='grc' dir='ltr'><strong><em>ὑπὲρ</em></strong></span> <span class='ocrx_word' id='word_1_93' title='bbox 557 1519 617 1596; x_wconf 81' lang='grc' dir='ltr'><strong><em>τὰς</em></strong></span> <span class='ocrx_word' id='word_1_94' title='bbox 638 1517 756 1584; x_wconf 80' lang='grc' dir='ltr'><strong><em>ἕνδεκα</em></strong></span> <span class='ocrx_word' id='word_1_95' title='bbox 779 1520 944 1604; x_wconf 75' lang='grc' dir='ltr'><strong><em>μυριάδας</em></strong></span> <span class='ocrx_word' id='word_1_96' title='bbox 966 1513 1067 1603; x_wconf 68' lang='grc' dir='ltr'><strong><em>ἦσαν,</em></strong></span> <span class='ocrx_word' id='word_1_97' title='bbox 1095 1519 1141 1596; x_wconf 80' lang='grc' dir='ltr'><strong><em>ὡς</em></strong></span> <span class='ocrx_word' id='word_1_98' title='bbox 1163 1517 1266 1586; x_wconf 80' lang='grc' dir='ltr'><strong><em>ἐκιειι</em></strong></span> 
     </span>
     <span class='ocr_line' id='line_1_14' title="bbox 181 1622 1202 1711; baseline -0.002 -19"><span class='ocrx_word' id='word_1_99' title='bbox 181 1635 240 1711; x_wconf 79' lang='grc' dir='ltr'><strong><em>τῆς</em></strong></span> <span class='ocrx_word' id='word_1_100' title='bbox 258 1628 391 1710; x_wconf 81' lang='grc' dir='ltr'><strong><em>ἔγγιστα</em></strong></span> <span class='ocrx_word' id='word_1_101' title='bbox 409 1627 572 1709; x_wconf 75' lang='grc' dir='ltr'><strong><em>τιμήσεως</em></strong></span> <span class='ocrx_word' id='word_1_102' title='bbox 591 1623 726 1711; x_wconf 83' lang='grc' dir='ltr'><strong><em>εὑρέθη,</em></strong></span> <span class='ocrx_word' id='word_1_103' title='bbox 749 1637 919 1710; x_wconf 80' lang='grc' dir='ltr'><strong><em>γυναικῶν</em></strong></span> <span class='ocrx_word' id='word_1_104' title='bbox 938 1622 976 1690; x_wconf 76' lang='grc' dir='ltr'><strong><em>δέ</em></strong></span> <span class='ocrx_word' id='word_1_105' title='bbox 994 1622 1049 1690; x_wconf 83' lang='grc' dir='ltr'><strong><em>καὶ</em></strong></span> <span class='ocrx_word' id='word_1_106' title='bbox 1068 1627 1202 1690; x_wconf 80' lang='grc' dir='ltr'><strong><em>παίδων</em></strong></span> 
     </span>
     <span class='ocr_line' id='line_1_15' title="bbox 181 1728 1203 1819; baseline -0.002 -21"><span class='ocrx_word' id='word_1_107' title='bbox 181 1728 236 1798; x_wconf 85' lang='grc' dir='ltr'><strong><em>καλ</em></strong></span> <span class='ocrx_word' id='word_1_108' title='bbox 263 1741 321 1816; x_wconf 84' lang='grc' dir='ltr'><strong><em>τῆς</em></strong></span> <span class='ocrx_word' id='word_1_109' title='bbox 348 1732 511 1815; x_wconf 79' lang='grc' dir='ltr'><strong><em>οἰκετικῆς</em></strong></span> <span class='ocrx_word' id='word_1_110' title='bbox 538 1734 720 1818; x_wconf 88' lang='grc' dir='ltr'><strong><em>θεραπείας</em></strong></span> <span class='ocrx_word' id='word_1_111' title='bbox 747 1731 902 1819; x_wconf 80' lang='grc' dir='ltr'><strong><em>ἐμπόρων</em></strong></span> <span class='ocrx_word' id='word_1_112' title='bbox 925 1754 960 1797; x_wconf 88' lang='grc' dir='ltr'><strong><em>τε</em></strong></span> <span class='ocrx_word' id='word_1_113' title='bbox 987 1729 1043 1796; x_wconf 85' lang='grc' dir='ltr'><strong><em>καλ</em></strong></span> <span class='ocrx_word' id='word_1_114' title='bbox 1067 1730 1168 1818; x_wconf 83' lang='grc' dir='ltr'><strong><em>ἐργαζ</em></strong></span> <span class='ocrx_word' id='word_1_115' title='bbox 1186 1772 1203 1781; x_wconf 93' lang='grc'>-</span> 
     </span>
    </p>

    <p class='ocr_par' dir='ltr' id='par_1_5' title="bbox 143 1835 1312 2352">
     <span class='ocr_line' id='line_1_16' title="bbox 143 1835 1312 1925; baseline 0.002 -24"><span class='ocrx_word' id='word_1_116' title='bbox 143 1862 168 1902; x_wconf 84' lang='lat'><strong><em>15</em></strong></span> <span class='ocrx_word' id='word_1_117' title='bbox 183 1837 294 1925; x_wconf 88' lang='grc' dir='ltr'><strong><em>μένων</em></strong></span> <span class='ocrx_word' id='word_1_118' title='bbox 316 1839 375 1915; x_wconf 84' lang='grc' dir='ltr'><strong><em>τάς</em></strong></span> <span class='ocrx_word' id='word_1_119' title='bbox 397 1839 588 1922; x_wconf 82' lang='grc' dir='ltr'><strong><em>βαναύσους</em></strong></span> <span class='ocrx_word' id='word_1_120' title='bbox 610 1837 726 1925; x_wconf 81' lang='grc' dir='ltr'><strong><em>τέχνας</em></strong></span> <span class='ocrx_word' id='word_1_121' title='bbox 749 1842 911 1923; x_wconf 87' lang='grc' dir='ltr'><strong><em>μετοίκων</em></strong></span> <span class='ocrx_word' id='word_1_122' title='bbox 933 1876 970 1885; x_wconf 92' lang='lat'><em>-</em></span> <span class='ocrx_word' id='word_1_123' title='bbox 997 1835 1113 1904; x_wconf 85' lang='grc' dir='ltr'><strong><em>οὐδενὶ</em></strong></span> <span class='ocrx_word' id='word_1_124' title='bbox 1135 1838 1201 1921; x_wconf 83' lang='grc' dir='ltr'><strong><em>γάρ</em></strong></span> <span class='ocrx_word' id='word_1_125' title='bbox 1311 1907 1312 1922; x_wconf 37' lang='grc'><strong><em>,</em></strong></span> 
     </span>
     <span class='ocr_line' id='line_1_17' title="bbox 183 1924 1312 2041; baseline -0.002 -29"><span class='ocrx_word' id='word_1_126' title='bbox 183 1944 260 2030; x_wconf 79' lang='grc' dir='ltr'><strong><em>ἐξῆν</em></strong></span> <span class='ocrx_word' id='word_1_127' title='bbox 283 1943 452 2030; x_wconf 89' lang='grc' dir='ltr'><strong><em>Ῥωμαίων</em></strong></span> <span class='ocrx_word' id='word_1_128' title='bbox 484 1945 561 2041; x_wconf 78' lang='grc' dir='ltr'><strong><em>οὔτε</em></strong></span> <span class='ocrx_word' id='word_1_129' title='bbox 592 1945 743 2028; x_wconf 87' lang='grc' dir='ltr'><strong><em>κάπηλον</em></strong></span> <span class='ocrx_word' id='word_1_130' title='bbox 775 1946 851 2011; x_wconf 72' lang='grc' dir='ltr'><strong><em>οὔτε</em></strong></span> <span class='ocrx_word' id='word_1_131' title='bbox 880 1942 1091 2031; x_wconf 90' lang='grc' dir='ltr'><strong><em>χειροτέχνην</em></strong></span> <span class='ocrx_word' id='word_1_132' title='bbox 1122 1949 1201 2029; x_wconf 92' lang='grc' dir='ltr'><strong><em>βίον</em></strong></span> <span class='ocrx_word' id='word_1_133' title='bbox 1311 1924 1312 1953; x_wconf 43' lang='lat'>¹</span> 
     </span>
     <span class='ocr_line' id='line_1_18' title="bbox 182 2050 1311 2138; baseline -0.002 -21"><span class='ocrx_word' id='word_1_134' title='bbox 182 2055 269 2137; x_wconf 85' lang='grc' dir='ltr'><strong><em>ἔχειν</em></strong></span> <span class='ocrx_word' id='word_1_135' title='bbox 287 2090 324 2099; x_wconf 97' lang='grc'>-</span> <span class='ocrx_word' id='word_1_136' title='bbox 342 2051 403 2118; x_wconf 83' lang='grc' dir='ltr'><strong><em>οὐκ</em></strong></span> <span class='ocrx_word' id='word_1_137' title='bbox 426 2054 563 2118; x_wconf 82' lang='grc' dir='ltr'><strong><em>ἔλαττον</em></strong></span> <span class='ocrx_word' id='word_1_138' title='bbox 586 2050 607 2136; x_wconf 70' lang='grc' dir='ltr'><em>ἢ</em></span> <span class='ocrx_word' id='word_1_139' title='bbox 629 2053 825 2138; x_wconf 87' lang='grc' dir='ltr'><strong><em>τριπλάσιον</em></strong></span> <span class='ocrx_word' id='word_1_140' title='bbox 847 2062 909 2118; x_wconf 87' lang='grc' dir='ltr'><strong><em>τοῦ</em></strong></span> <span class='ocrx_word' id='word_1_141' title='bbox 926 2056 1099 2116; x_wconf 89' lang='grc' dir='ltr'><strong><em>πολιτικοῦ</em></strong></span> <span class='ocrx_word' id='word_1_142' title='bbox 1117 2055 1202 2135; x_wconf 82' lang='grc' dir='ltr'><strong><em>πλή-</em></strong></span> <span class='ocrx_word' id='word_1_143' title='bbox 1310 2107 1311 2126; x_wconf 41' lang='lat'>2</span> 
     </span>
     <span class='ocr_line' id='line_1_19' title="bbox 181 2153 1202 2246; baseline 0.001 -23"><span class='ocrx_word' id='word_1_144' title='bbox 181 2165 278 2236; x_wconf 87' lang='grc' dir='ltr'><strong><em>θους·</em></strong></span> <span class='ocrx_word' id='word_1_145' title='bbox 299 2157 357 2236; x_wconf 81' lang='grc' dir='ltr'><strong><em>οὓς</em></strong></span> <span class='ocrx_word' id='word_1_146' title='bbox 375 2158 436 2224; x_wconf 76' lang='grc' dir='ltr'><strong><em>οὐκ</em></strong></span> <span class='ocrx_word' id='word_1_147' title='bbox 454 2153 498 2243; x_wconf 73' lang='grc' dir='ltr'><strong><em>ἦν</em></strong></span> <span class='ocrx_word' id='word_1_148' title='bbox 515 2161 825 2243; x_wconf 78' lang='grc' dir='ltr'><strong><em>παραμυθήσασθαι</em></strong></span> <span class='ocrx_word' id='word_1_149' title='bbox 839 2155 960 2246; x_wconf 71' lang='grc' dir='ltr'><strong><em>ῥᾴδιον</em></strong></span> <span class='ocrx_word' id='word_1_150' title='bbox 974 2157 1202 2241; x_wconf 79' lang='grc' dir='ltr'><strong><em>ἀγανακτοῦν-</em></strong></span> 
     </span>
     <span class='ocr_line' id='line_1_20' title="bbox 182 2261 1202 2352; baseline 0.002 -24"><span class='ocrx_word' id='word_1_151' title='bbox 182 2288 239 2341; x_wconf 93' lang='grc' dir='ltr'><strong><em>τας</em></strong></span> <span class='ocrx_word' id='word_1_152' title='bbox 268 2261 321 2329; x_wconf 85' lang='grc' dir='ltr'><strong><em>ἐπλ</em></strong></span> <span class='ocrx_word' id='word_1_153' title='bbox 350 2273 396 2352; x_wconf 79' lang='grc' dir='ltr'><strong><em>τῷ</em></strong></span> <span class='ocrx_word' id='word_1_154' title='bbox 426 2265 529 2329; x_wconf 80' lang='grc' dir='ltr'><strong><em>πάθει</em></strong></span> <span class='ocrx_word' id='word_1_155' title='bbox 557 2262 613 2329; x_wconf 86' lang='grc' dir='ltr'><strong><em>καλ</em></strong></span> <span class='ocrx_word' id='word_1_156' title='bbox 642 2262 882 2352; x_wconf 88' lang='grc' dir='ltr'><strong><em>συντρέχοντας</em></strong></span> <span class='ocrx_word' id='word_1_157' title='bbox 908 2267 956 2342; x_wconf 80' lang='grc' dir='ltr'><strong><em>εἰς</em></strong></span> <span class='ocrx_word' id='word_1_158' title='bbox 983 2265 1044 2348; x_wconf 78' lang='grc' dir='ltr'><strong><em>τὴν</em></strong></span> <span class='ocrx_word' id='word_1_159' title='bbox 1071 2262 1202 2351; x_wconf 80' lang='grc' dir='ltr'><strong><em>ἀγορὰν</em></strong></span> 
     </span>
    </p>

    <p class='ocr_par' dir='ltr' id='par_1_6' title="bbox 143 2367 1309 2671">
     <span class='ocr_line' id='line_1_21' title="bbox 143 2367 1201 2455; baseline 0.005 -25"><span class='ocrx_word' id='word_1_160' title='bbox 143 2390 169 2430; x_wconf 83' lang='grc' dir='ltr'><strong><em>ιο</em></strong></span> <span class='ocrx_word' id='word_1_161' title='bbox 182 2367 237 2435; x_wconf 85' lang='grc' dir='ltr'><strong><em>καλ</em></strong></span> <span class='ocrx_word' id='word_1_162' title='bbox 264 2374 496 2455; x_wconf 81' lang='grc' dir='ltr'><strong><em>καταβοῶντας</em></strong></span> <span class='ocrx_word' id='word_1_163' title='bbox 522 2382 589 2436; x_wconf 80' lang='grc' dir='ltr'><strong><em>τῶν</em></strong></span> <span class='ocrx_word' id='word_1_164' title='bbox 613 2370 650 2436; x_wconf 86' lang='grc' dir='ltr'><strong><em>ἐν</em></strong></span> <span class='ocrx_word' id='word_1_165' title='bbox 673 2382 743 2450; x_wconf 82' lang='grc' dir='ltr'><strong><em>τοῖς</em></strong></span> <span class='ocrx_word' id='word_1_166' title='bbox 765 2370 909 2454; x_wconf 87' lang='grc' dir='ltr'><strong><em>τέλεσιν,</em></strong></span> <span class='ocrx_word' id='word_1_167' title='bbox 937 2369 994 2436; x_wconf 91' lang='grc' dir='ltr'><strong><em>ἐπί</em></strong></span> <span class='ocrx_word' id='word_1_168' title='bbox 1012 2393 1047 2435; x_wconf 87' lang='grc' dir='ltr'><strong><em>τε</em></strong></span> <span class='ocrx_word' id='word_1_169' title='bbox 1069 2371 1128 2448; x_wconf 85' lang='grc' dir='ltr'><strong><em>τάς</em></strong></span> <span class='ocrx_word' id='word_1_170' title='bbox 1152 2373 1201 2436; x_wconf 88' lang='grc' dir='ltr'><strong><em>υί-</em></strong></span> 
     </span>
     <span class='ocr_line' id='line_1_22' title="bbox 182 2473 1200 2564; baseline -0.001 -22"><span class='ocrx_word' id='word_1_171' title='bbox 182 2480 256 2554; x_wconf 90' lang='grc' dir='ltr'><strong><em>κίας</em></strong></span> <span class='ocrx_word' id='word_1_172' title='bbox 273 2487 341 2542; x_wconf 78' lang='grc' dir='ltr'><strong><em>τῶν</em></strong></span> <span class='ocrx_word' id='word_1_173' title='bbox 359 2481 531 2543; x_wconf 89' lang='grc' dir='ltr'><strong><em>πλουσίων</em></strong></span> <span class='ocrx_word' id='word_1_174' title='bbox 544 2478 626 2542; x_wconf 84' lang='grc' dir='ltr'><strong><em>κατά</em></strong></span> <span class='ocrx_word' id='word_1_175' title='bbox 644 2483 776 2562; x_wconf 78' lang='grc' dir='ltr'><strong><em>πλῆθος</em></strong></span> <span class='ocrx_word' id='word_1_176' title='bbox 789 2477 1018 2562; x_wconf 83' lang='grc' dir='ltr'><strong><em>ὠθουμένους,</em></strong></span> <span class='ocrx_word' id='word_1_177' title='bbox 1035 2473 1090 2542; x_wconf 81' lang='grc' dir='ltr'><strong><em>καὶ</em></strong></span> <span class='ocrx_word' id='word_1_178' title='bbox 1105 2477 1200 2564; x_wconf 88' lang='grc' dir='ltr'><strong><em>διαρ-</em></strong></span> 
     </span>
     <span class='ocr_line' id='line_1_23' title="bbox 182 2581 1309 2671; baseline 0 -22"><span class='ocrx_word' id='word_1_179' title='bbox 182 2584 295 2663; x_wconf 77' lang='grc' dir='ltr'><strong><em>πάζειν</em></strong></span> <span class='ocrx_word' id='word_1_180' title='bbox 314 2583 561 2671; x_wconf 85' lang='grc' dir='ltr'><strong><em>ἐπιχειροῦντας</em></strong></span> <span class='ocrx_word' id='word_1_181' title='bbox 578 2585 656 2671; x_wconf 85' lang='grc' dir='ltr'><strong><em>άτερ</em></strong></span> <span class='ocrx_word' id='word_1_182' title='bbox 676 2581 764 2670; x_wconf 79' lang='grc' dir='ltr'><strong><em>ὠνῆς</em></strong></span> <span class='ocrx_word' id='word_1_183' title='bbox 781 2586 839 2662; x_wconf 87' lang='grc' dir='ltr'><strong><em>τδς</em></strong></span> <span class='ocrx_word' id='word_1_184' title='bbox 853 2581 1070 2669; x_wconf 78' lang='grc' dir='ltr'><strong><em>ἀποκειμένας</em></strong></span> <span class='ocrx_word' id='word_1_185' title='bbox 1083 2583 1201 2662; x_wconf 80' lang='grc' dir='ltr'><strong><em>αὐτοῖς</em></strong></span> <span class='ocrx_word' id='word_1_186' title='bbox 1308 2627 1309 2640; x_wconf 42' lang='grc' dir='ltr'><strong><em>ι</em></strong></span> 
     </span>
    </p>

    <p class='ocr_par' dir='ltr' id='par_1_7' title="bbox 148 2686 1199 2884">
     <span class='ocr_line' id='line_1_24' title="bbox 148 2686 1199 2777; baseline -0.002 -19"><span class='ocrx_word' id='word_1_187' title='bbox 148 2689 317 2777; x_wconf 79' lang='grc' dir='ltr'><strong><em>δτροφάς.</em></strong></span> <span class='ocrx_word' id='word_1_188' title='bbox 353 2691 389 2756; x_wconf 87' lang='grc' dir='ltr'><strong><em>οί</em></strong></span> <span class='ocrx_word' id='word_1_189' title='bbox 410 2686 448 2754; x_wconf 76' lang='grc' dir='ltr'><strong><em>δέ</em></strong></span> <span class='ocrx_word' id='word_1_190' title='bbox 471 2689 634 2777; x_wconf 82' lang='grc' dir='ltr'><strong><em>δήμαρχοι</em></strong></span> <span class='ocrx_word' id='word_1_191' title='bbox 658 2690 860 2775; x_wconf 89' lang='grc' dir='ltr'><strong><em>συνάγοντες</em></strong></span> <span class='ocrx_word' id='word_1_192' title='bbox 878 2691 1000 2768; x_wconf 83' lang='grc' dir='ltr'><strong><em>αὐτοὺς</em></strong></span> <span class='ocrx_word' id='word_1_193' title='bbox 1017 2692 1064 2768; x_wconf 83' lang='grc' dir='ltr'><strong><em>είς</em></strong></span> <span class='ocrx_word' id='word_1_194' title='bbox 1082 2689 1199 2775; x_wconf 84' lang='grc' dir='ltr'><strong><em>ἐκκλη-</em></strong></span> 
     </span>
     <span class='ocr_line' id='line_1_25' title="bbox 182 2795 1199 2884; baseline -0.002 -21"><span class='ocrx_word' id='word_1_195' title='bbox 182 2802 260 2864; x_wconf 90' lang='grc' dir='ltr'><strong><em>σίαν</em></strong></span> <span class='ocrx_word' id='word_1_196' title='bbox 282 2795 338 2863; x_wconf 85' lang='grc' dir='ltr'><strong><em>καλ</em></strong></span> <span class='ocrx_word' id='word_1_197' title='bbox 359 2807 622 2883; x_wconf 86' lang='grc' dir='ltr'><strong><em>κατηγοροῦντες</em></strong></span> <span class='ocrx_word' id='word_1_198' title='bbox 643 2809 711 2863; x_wconf 80' lang='grc' dir='ltr'><strong><em>τῶν</em></strong></span> <span class='ocrx_word' id='word_1_199' title='bbox 733 2800 916 2884; x_wconf 86' lang='grc' dir='ltr'><strong><em>πατρικίων</em></strong></span> <span class='ocrx_word' id='word_1_200' title='bbox 939 2797 984 2874; x_wconf 80' lang='grc' dir='ltr'><strong><em>ὡς</em></strong></span> <span class='ocrx_word' id='word_1_201' title='bbox 1006 2797 1076 2862; x_wconf 90' lang='grc' dir='ltr'><strong><em>αίεί</em></strong></span> <span class='ocrx_word' id='word_1_202' title='bbox 1090 2820 1123 2861; x_wconf 90' lang='grc' dir='ltr'><strong><em>τι</em></strong></span> <span class='ocrx_word' id='word_1_203' title='bbox 1141 2821 1199 2862; x_wconf 91' lang='grc' dir='ltr'><strong><em>κα-</em></strong></span> 
     </span>
    </p>
   </div>
   <div class='ocr_carea' id='block_1_3' title="bbox 181 3019 1307 3510">
    <p class='ocr_par' dir='ltr' id='par_1_8' title="bbox 181 3019 1307 3510">
     <span class='ocr_line' id='line_1_26' title="bbox 254 3019 1200 3097; baseline 0 -19"><span class='ocrx_word' id='word_1_204' title='bbox 254 3029 269 3077; x_wconf 81' lang='lat'><strong>2</strong></span> <span class='ocrx_word' id='word_1_205' title='bbox 294 3026 438 3094; x_wconf 88' lang='grc' dir='ltr'><strong><em>σεκτηλίου</em></strong></span> <span class='ocrx_word' id='word_1_206' title='bbox 458 3028 482 3078; x_wconf 88' lang='grc' dir='ltr'><strong>Α</strong></span> <span class='ocrx_word' id='word_1_207' title='bbox 506 3019 627 3080; x_wconf 82' lang='grc' dir='ltr'><strong><em>ἐκτιλίου</em></strong></span> <span class='ocrx_word' id='word_1_208' title='bbox 650 3024 699 3079; x_wconf 75' lang='lat' dir='ltr'><strong><em>Ba</em></strong></span> <span class='ocrx_word' id='word_1_209' title='bbox 720 3025 918 3097; x_wconf 83' lang='grc' dir='ltr'><strong><em>σεκστκλι&gt;ου</em></strong></span> <span class='ocrx_word' id='word_1_210' title='bbox 937 3025 985 3079; x_wconf 88' lang='lat' dir='ltr'><strong><em>Bb</em></strong></span> <span class='ocrx_word' id='word_1_211' title='bbox 1093 3028 1110 3077; x_wconf 82' lang='lat'>3</span> <span class='ocrx_word' id='word_1_212' title='bbox 1133 3025 1200 3087; x_wconf 70' lang='grc' dir='ltr'><strong><em>τοὺς</em></strong></span> 
     </span>
     <span class='ocr_line' id='line_1_27' title="bbox 181 3095 1307 3175; baseline 0.003 -27"><span class='ocrx_word' id='word_1_213' title='bbox 181 3111 236 3149; x_wconf 91' lang='lat' dir='ltr'><strong><em>om.</em></strong></span> <span class='ocrx_word' id='word_1_214' title='bbox 255 3095 277 3148; x_wconf 93' lang='lat' dir='ltr'>B</span> <span class='ocrx_word' id='word_1_215' title='bbox 332 3101 350 3150; x_wconf 86' lang='lat'>4</span> <span class='ocrx_word' id='word_1_216' title='bbox 367 3095 468 3166; x_wconf 82' lang='grc' dir='ltr'><strong><em>χρυσός</em></strong></span> <span class='ocrx_word' id='word_1_217' title='bbox 486 3095 532 3149; x_wconf 77' lang='lat' dir='ltr'><strong><em>Ba</em></strong></span> <span class='ocrx_word' id='word_1_218' title='bbox 550 3096 667 3167; x_wconf 83' lang='grc' dir='ltr'><strong><em>χρηστὸς</em></strong></span> <span class='ocrx_word' id='word_1_219' title='bbox 684 3095 710 3149; x_wconf 82' lang='lat' dir='ltr'>R</span> <span class='ocrx_word' id='word_1_220' title='bbox 728 3096 763 3151; x_wconf 83' lang='lat' dir='ltr'><strong><em>ef.</em></strong></span> <span class='ocrx_word' id='word_1_221' title='bbox 778 3095 867 3150; x_wconf 75' lang='lat' dir='ltr'>Cobet</span> <span class='ocrx_word' id='word_1_222' title='bbox 883 3095 986 3152; x_wconf 74' lang='lat' dir='ltr'>Variae</span> <span class='ocrx_word' id='word_1_223' title='bbox 1005 3096 1082 3150; x_wconf 77' lang='lat' dir='ltr'>Lect.</span> <span class='ocrx_word' id='word_1_224' title='bbox 1100 3113 1129 3164; x_wconf 88' lang='lat' dir='ltr'><strong><em>p.</em></strong></span> <span class='ocrx_word' id='word_1_225' title='bbox 1145 3101 1199 3151; x_wconf 76' lang='lat'><strong><em>236</em></strong></span> <span class='ocrx_word' id='word_1_226' title='bbox 1306 3145 1307 3175; x_wconf 36' lang='grc' dir='ltr'><strong><em>χ</em></strong></span> 
     </span>
     <span class='ocr_line' id='line_1_28' title="bbox 182 3163 1200 3238; baseline 0.001 -19"><span class='ocrx_word' id='word_1_227' title='bbox 182 3164 248 3221; x_wconf 83' lang='lat' dir='ltr'><strong>obs.</strong></span> <span class='ocrx_word' id='word_1_228' title='bbox 289 3172 343 3221; x_wconf 84' lang='grc'><strong><em>,31</em></strong></span> <span class='ocrx_word' id='word_1_229' title='bbox 417 3167 524 3238; x_wconf 82' lang='grc' dir='ltr'><strong><em>όπρδς</em></strong></span> <span class='ocrx_word' id='word_1_230' title='bbox 542 3183 564 3223; x_wconf 88' lang='grc' dir='ltr'><strong><em>ο.</em></strong></span> <span class='ocrx_word' id='word_1_231' title='bbox 583 3166 688 3222; x_wconf 80' lang='lat' dir='ltr'><strong>Reiske</strong></span> <span class='ocrx_word' id='word_1_232' title='bbox 707 3167 786 3236; x_wconf 83' lang='grc' dir='ltr'><strong><em>παρὰ</em></strong></span> <span class='ocrx_word' id='word_1_233' title='bbox 804 3176 859 3222; x_wconf 81' lang='grc' dir='ltr'><strong><em>τῶν</em></strong></span> <span class='ocrx_word' id='word_1_234' title='bbox 878 3170 903 3221; x_wconf 89' lang='lat' dir='ltr'>A</span> <span class='ocrx_word' id='word_1_235' title='bbox 975 3164 1093 3222; x_wconf 75' lang='lat' dir='ltr'><strong><em>8qu</em></strong></span> <span class='ocrx_word' id='word_1_236' title='bbox 1113 3163 1200 3220; x_wconf 85' lang='grc' dir='ltr'><strong><em>δτιΒ</em></strong></span> 
     </span>
     <span class='ocr_line' id='line_1_29' title="bbox 183 3183 1199 3310; baseline 0.003 -20"><span class='ocrx_word' id='word_1_237' title='bbox 183 3241 217 3291; x_wconf 90' lang='grc'><strong><em>14</em></strong></span> <span class='ocrx_word' id='word_1_238' title='bbox 235 3183 286 3291; x_wconf 66' lang='grc' dir='ltr'><strong><em>καλ</em></strong></span> <span class='ocrx_word' id='word_1_239' title='bbox 300 3244 356 3292; x_wconf 76' lang='grc' dir='ltr'><strong><em>τῶν</em></strong></span> <span class='ocrx_word' id='word_1_240' title='bbox 376 3232 568 3308; x_wconf 75' lang='grc' dir='ltr'><strong><em>ἐργαζομένων</em></strong></span> <span class='ocrx_word' id='word_1_241' title='bbox 587 3237 610 3293; x_wconf 91' lang='grc' dir='ltr'><strong>Ο</strong></span> <span class='ocrx_word' id='word_1_242' title='bbox 628 3238 783 3307; x_wconf 75' lang='grc' dir='ltr'><strong><em>μεεοῒειΒ</em></strong></span> <span class='ocrx_word' id='word_1_243' title='bbox 857 3244 891 3294; x_wconf 80' lang='grc'><strong><em>15</em></strong></span> <span class='ocrx_word' id='word_1_244' title='bbox 910 3235 1091 3310; x_wconf 76' lang='grc' dir='ltr'><strong><em>οὐδε&lt;νλ&gt;Β</em></strong></span> <span class='ocrx_word' id='word_1_245' title='bbox 1166 3244 1199 3293; x_wconf 78' lang='grc'><strong><em>17</em></strong></span> 
     </span>
     <span class='ocr_line' id='line_1_30' title="bbox 181 3306 1306 3384; baseline 0.004 -24"><span class='ocrx_word' id='word_1_246' title='bbox 181 3310 291 3376; x_wconf 82' lang='grc' dir='ltr'><strong><em>πλῆθος</em></strong></span> <span class='ocrx_word' id='word_1_247' title='bbox 309 3323 332 3363; x_wconf 88' lang='grc' dir='ltr'><strong><em>ο.</em></strong></span> <span class='ocrx_word' id='word_1_248' title='bbox 352 3307 482 3364; x_wconf 73' lang='lat' dir='ltr'>Hortlein</span> <span class='ocrx_word' id='word_1_249' title='bbox 500 3308 616 3364; x_wconf 78' lang='lat' dir='ltr'>Hermes</span> <span class='ocrx_word' id='word_1_250' title='bbox 635 3308 661 3363; x_wconf 85' lang='lat' dir='ltr'>X</span> <span class='ocrx_word' id='word_1_251' title='bbox 679 3315 731 3365; x_wconf 87' lang='grc'><strong><em>418</em></strong></span> <span class='ocrx_word' id='word_1_252' title='bbox 798 3316 830 3364; x_wconf 86' lang='grc'><strong><em>18</em></strong></span> <span class='ocrx_word' id='word_1_253' title='bbox 850 3306 954 3384; x_wconf 77' lang='grc' dir='ltr'><strong><em>δᾳδίως</em></strong></span> <span class='ocrx_word' id='word_1_254' title='bbox 973 3307 1024 3363; x_wconf 80' lang='grc' dir='ltr'><strong><em>ΑΒ</em></strong></span> <span class='ocrx_word' id='word_1_255' title='bbox 1088 3313 1124 3363; x_wconf 76' lang='lat'><strong><em>20</em></strong></span> <span class='ocrx_word' id='word_1_256' title='bbox 1143 3317 1201 3364; x_wconf 80' lang='grc' dir='ltr'><strong><em>τῶν</em></strong></span> <span class='ocrx_word' id='word_1_257' title='bbox 1305 3365 1306 3368; x_wconf 69' lang='grc'><strong><em>,</em></strong></span> 
     </span>
     <span class='ocr_line' id='line_1_31' title="bbox 182 3372 1306 3502; baseline 0.003 -71"><span class='ocrx_word' id='word_1_258' title='bbox 182 3372 213 3431; x_wconf 79' lang='grc' dir='ltr'><strong><em>ἐν</em></strong></span> <span class='ocrx_word' id='word_1_259' title='bbox 232 3375 304 3502; x_wconf 46' lang='grc' dir='ltr'><strong><em>τέξει</em></strong></span> <span class='ocrx_word' id='word_1_260' title='bbox 321 3395 344 3432; x_wconf 86' lang='grc' dir='ltr'><strong><em>ο.</em></strong></span> <span class='ocrx_word' id='word_1_261' title='bbox 363 3379 488 3435; x_wconf 81' lang='lat' dir='ltr'>Reudler</span> <span class='ocrx_word' id='word_1_262' title='bbox 508 3381 599 3437; x_wconf 77' lang='grc' dir='ltr'><strong><em>Τίτου.</em></strong></span> <span class='ocrx_word' id='word_1_263' title='bbox 620 3380 680 3438; x_wconf 75' lang='lat' dir='ltr'>crit.</span> <span class='ocrx_word' id='word_1_264' title='bbox 699 3398 727 3449; x_wconf 87' lang='lat' dir='ltr'><strong><em>p.</em></strong></span> <span class='ocrx_word' id='word_1_265' title='bbox 748 3387 782 3435; x_wconf 86' lang='grc'><strong><em>60</em></strong></span> <span class='ocrx_word' id='word_1_266' title='bbox 873 3385 907 3436; x_wconf 82' lang='lat'><strong><em>23</em></strong></span> <span class='ocrx_word' id='word_1_267' title='bbox 933 3381 1029 3442; x_wconf 73' lang='grc' dir='ltr'><strong><em>αὐτοῖς</em></strong></span> <span class='ocrx_word' id='word_1_268' title='bbox 1047 3380 1073 3432; x_wconf 90' lang='grc' dir='ltr'><strong>Α</strong></span> <span class='ocrx_word' id='word_1_269' title='bbox 1097 3373 1129 3434; x_wconf 82' lang='grc' dir='ltr'><strong><em>ἐν</em></strong></span> <span class='ocrx_word' id='word_1_270' title='bbox 1150 3382 1202 3434; x_wconf 79' lang='grc' dir='ltr'><strong><em>αό-</em></strong></span> <span class='ocrx_word' id='word_1_271' title='bbox 1305 3389 1306 3420; x_wconf 49' lang='grc' dir='ltr'>ἐ</span> 
     </span>
     <span class='ocr_line' id='line_1_32' title="bbox 181 3454 860 3510; baseline 0.003 -9"><span class='ocrx_word' id='word_1_272' title='bbox 181 3454 238 3510; x_wconf 84' lang='grc' dir='ltr'><strong><em>τοῖς</em></strong></span> <span class='ocrx_word' id='word_1_273' title='bbox 846 3486 860 3502; x_wconf 88' lang='lat'><strong><em>.·</em></strong></span> 
     </span>
    </p>
   </div>
   <div class='ocr_carea' id='block_1_4' title="bbox 0 0 1332 3974">
    <p class='ocr_par' dir='ltr' id='par_1_9' title="bbox 0 0 1332 3974">
     <span class='ocr_line' id='line_1_33' title="bbox 0 0 1332 3974; baseline 0 0"><span class='ocrx_word' id='word_1_274' title='bbox 0 0 1332 3974; x_wconf 95' lang='lat' dir='ltr'><strong><em> </em></strong></span> 
     </span>
    </p>
   </div>
  </div>
 </body>
</html>
