2656 3974
171 237 239 304 360
595 239 764 292 -Θ-

172 400 353 486 δημάρχων
381 399 638 485 ἀντιλεξάντων,
668 400 761 467 ἐνίκα
787 401 877 485 παρὰ
903 401 1028 477 πολλὰς
1054 403 1192 485 ψήφους
1326 403 1327 410 '

171 507 192 591 ή
216 509 276 574 τὸν
295 511 402 592 νόμον
420 506 589 594 εἰσφέρειν
607 506 746 587 ἀξιοῦσα
764 508 889 591 γνώμη.
922 505 1193 590 ἐπικυρωθέντος

173 609 211 678 δέ
233 623 294 681 τοῦ
316 614 606 700 προβουλεύματος
629 615 667 680 αἵ
686 637 721 680 τε
741 616 823 680 ἰδιαι
841 625 909 680 τῶν
927 614 1099 700 ἀρχόντων
1118 614 1217 678 δια··

173 719 275 807 φοραὶ
303 723 526 805 διελύθησαν,
552 719 608 787 καὶ
635 721 653 788 ὁ
682 722 786 806 δῆμος
813 719 986 805 ἀγαπητῶς
1013 719 1193 804 δεξάμενος
1326 699 1327 790 ό

137 819 211 934 ὅδτὸ
238 829 438 914 συγχώρημα
459 837 517 913 τῆς
539 832 663 912 βουλῆς
686 826 868 912 ἐπεψήφισε
890 829 949 894 τὸν
971 829 1085 912 νόμον.
1132 824 1190 891 ἀπ’
1326 847 1327 868 ι

174 933 304 1001 ἐκείνου
326 944 387 1001 τοῦ
409 937 534 1019 χρόνον
553 935 594 999 τά
612 944 679 999 τῶν
697 934 878 1020 δημάρχων
896 930 952 998 καὶ
970 932 1192 1018 ἀγορανόμων

174 1037 367 1125 ἀρχαιρέσια
394 1038 502 1126 μέχρι
517 1050 578 1106 τοῦ
600 1037 677 1106 καθ’
705 1038 790 1125 ἡμᾶς
812 1042 936 1126 χρόνον
960 1040 1036 1125 δίχα
1053 1041 1192 1104 ὀἰωνῶν

173 1170 209 1213 τε
236 1145 292 1212 καὶ
318 1155 378 1231 τῆς
404 1147 506 1232 άλλης
529 1147 654 1224 ὀττείας
677 1145 805 1231 ἁπάσης
828 1145 866 1211 αἰ
885 1143 1059 1230 φυλετικαὶ
1081 1156 1193 1229 ψηφο-

176 1264 342 1340 φοροῦσιν
379 1253 556 1337 ἐκκλησίαι.
611 1253 693 1337 κύτη
730 1253 826 1330 λύσις
862 1250 993 1336 ἐγένετο
1028 1261 1086 1337 τῆς
1117 1254 1194 1316 τότε

136 1389 163 1428 ιο
176 1362 403 1448 κατασχούσης
425 1370 567 1446 ταραχῆς
590 1361 651 1444 τήν
673 1363 783 1426 πόλιν.
955 1423 957 1428 .

242 1468 279 1534 L.
321 1465 388 1532 Καὶ
418 1464 486 1552 μετ’
519 1467 560 1532 ού
589 1469 676 1533 πολὺ
706 1465 859 1552 στρατιάς
888 1464 997 1531 ἐδόκει
1021 1462 1196 1550 Ῥωμαίοις

175 1574 400 1660 καταγράφειν
427 1573 483 1640 καὶ
509 1577 587 1652 τοὺς
614 1573 761 1650 ὑπάτους
786 1569 963 1656 ἐκπέμπειν
986 1569 1196 1657 ἀμφοτέρους

176 1679 233 1746 έπί
257 1677 284 1745 τ’
313 1683 482 1757 Αἰκανούς
509 1678 565 1746 καὶ
593 1679 837 1756 Οὐολούσκους.
882 1678 1042 1762 δυνάμεις
1067 1677 1132 1763 γὰρ
1159 1675 1195 1756 ἐξ

177 1784 343 1873 ἑκατέρων
363 1797 430 1852 τῶν
449 1786 562 1853 ἐθνῶν
581 1783 817 1870 ἐξεληλυθέναι
835 1783 1035 1868 ἠγγέλλοντο
1055 1783 1197 1869 μεγάλαι

136 1919 162 1961 15
177 1893 233 1960 καὶ
250 1895 472 1981 προνομεύειν
490 1896 568 1971 τοὺς
576 1890 746 1977 Ῥωμαίων
761 1891 963 1977 συμμάχους.
987 1906 1196 1976 παρασκευα-
1326 1921 1327 1976 3

177 2008 325 2068 σθεισῶν
358 1997 396 2065 δέ
427 2009 495 2065 τῶν
528 1999 705 2084 δυνάμεων
738 2001 801 2065 σὺν
829 1998 920 2082 τάχει
948 1998 1105 2074 Κοίντιος
1132 1991 1195 2081 μέν
1326 1983 1327 1990 ¹

177 2091 339 2185 Αἰκανοῖς
366 2109 564 2191 πολεμήσων
592 2104 712 2193 ᾤχετο,
730 2103 870 2182 ’Ἀππιος
893 2100 931 2168 δὲ
955 2103 1271 2188 ούολούσκοις,1878

178 2216 290 2301 κλήρςο
314 2214 528 2298 διαλαχόντες
549 2215 608 2290 τάς
626 2211 735 2298 ἀρχάς.
773 2208 897 2295 συνέβη
918 2205 956 2275 δὲ
973 2220 1042 2275 τῶν
1059 2209 1198 2275 ὑπάτων

142 2317 321 2408 2ἕκατέρμ
353 2320 393 2385 τά
423 2321 534 2386 εἰκότα
559 2320 712 2404 πάσχειν·
748 2318 769 2402 ή
798 2314 859 2403 μέν
886 2318 950 2404 γδιρ
977 2325 1024 2404 τῷ
1050 2319 1182 2406 Κοιντί,

141 2450 167 2490 ιο
181 2432 449 2511 προσνεμηθεῖσα
478 2427 614 2513 στρατιὰ
640 2426 702 2509 τήν
729 2424 909 2490 ἐπιείκειάν
933 2445 967 2488 τε
991 2421 1046 2488 καὶ
1068 2426 1199 2509 μετριό-

179 2556 259 2619 τητα
280 2540 342 2598 τοῦ
366 2531 489 2615 ἀνδρὸς
510 2530 717 2617 ἀσπαζομένη
740 2535 917 2619 πρόθυμος
938 2524 982 2614 ήν
1001 2532 1050 2607 εἰς
1068 2531 1200 2596 ἅπαντα

180 2641 220 2706 τά
248 2639 498 2725 ἐπιταττόμενα,
525 2637 581 2704 καὶ
607 2640 648 2704 τὰ
674 2643 811 2704 πλεῖστα
838 2634 1094 2714 αὐτοκέλευστος
1119 2637 1199 2723 ὑφί-

181 2763 279 2814 στατο
299 2747 544 2832 κινδυνεύματα
564 2743 666 2824 δόξαν
683 2753 729 2834 τῷ
749 2743 888 2829 ήγεμόνι
905 2741 961 2809 καὶ
978 2745 1079 2829 τιμήν
1097 2745 1199 2830 πράτ-

154 2900 162 2914 .
181 2868 298 2920 τουσα·
316 2851 372 2919 καὶ
391 2851 546 2937 διεξῆλθε
564 2853 693 2936 πολλὴν
712 2860 769 2936 τῆς
783 2852 941 2916 Αἰκανῶν
958 2851 1068 2936 χώρας
1081 2855 1200 2934 λεηλα-

141 2983 167 3025 ιι
181 2970 285 3026 τοῦσα
308 2959 349 3026 οὐ
371 2960 572 3044 τολμώντων
594 2960 642 3036 εἰς
659 2969 777 3045 χεῖρας
798 2956 912 3023 έλθείν
932 2967 1000 3022 τῶν
1018 2960 1200 3041 πολεμίων,
1326 2991 1327 3012 ι

182 3066 215 3146 ἐξ
243 3061 282 3150 ής
309 3065 443 3152 λάφυρα
469 3066 576 3131 πολλὰ
604 3063 660 3131 καὶ
682 3065 843 3150 ὠφελείας
865 3063 1009 3148 μεγάλας
1031 3061 1200 3148 ἐκτήσατο.

180 3311 238 3349 110„
253 3221 877 3365 ῗεὲἰέἕῗέώέεῗῖιιοιῖἀέαύῖάλῖιιῗ
901 3220 1201 3363 θῖἰοέἷριῖἰώιὶύέἒ

183 3373 216 3421 13
234 3365 288 3436 γὰρ
308 3381 361 3419 om.
381 3365 427 3418 Βο.
452 3368 456 3434 Ι
482 3361 535 3434 ἀφ’
557 3359 697 3434 ἑκατέρων
715 3363 767 3418 ΑΟ
841 3370 875 3418 14
897 3371 953 3418 τῶν
972 3379 1026 3418 om.
1046 3363 1093 3416 Ba
1167 3369 1199 3418 1⁷

181 3435 369 3508 Αἰκαν<οῑ>ς
391 3435 439 3490 Bb
521 3442 554 3490 21
580 3433 620 3498 εἰς
641 3435 776 3490 πάνταΒ
857 3439 891 3489 22
914 3433 1137 3498 αύτοκελεύσιως
1155 3434 1200 3487 Ba
1326 3499 1327 3502 Ἴ

182 3514 216 3562 23
235 3506 440 3579 πράττουσ<α>
458 3505 505 3560 Bb
1326 3505 1327 3510 ’
