2674 3978
563 287 725 336 -z-
1107 285 1151 350 νε

133 447 198 533 γάρ
222 445 265 510 ἀν
284 447 331 510 ἐτι
350 441 537 530 γενοίμεθ’,
561 447 636 530 ἔφη,
658 447 769 533 κύριοι
787 456 854 512 τῶν
872 448 995 532 ἄλλων,
1013 449 1049 514 εί
1067 444 1151 534 μηδὲ

133 563 195 619 τοῦ
219 549 329 636 λέγειν
349 550 508 637 ἐσύμεθα;
532 562 602 630 πῶς
619 549 650 617 δ’
674 553 716 617 ἀν
733 576 801 618 τινι
824 553 919 637 ὑμῶν
942 553 1150 644 ἀδικουμένῳ

133 661 218 744 πρὸς
241 659 352 724 αὐτῶν
374 662 516 743 βοηθεῖν
540 661 744 744 δυναίμεθα,
773 661 806 724 εί
830 660 891 743 τὴν
915 658 1069 738 ἐξουσίαν
1091 672 1152 728 τοῦ

135 766 295 849 συνάγειν
327 765 413 850 ὑμᾶς
449 764 724 852 ἀφαιρεθείημεν;
762 768 902 853 ἀρχουσι
941 768 1005 853 γάρ
1043 769 1151 852 δήπου

132 875 258 948 παντὸς
281 873 383 957 ἔργου
407 874 513 956 λόγοι,
535 869 591 938 καὶ
613 873 677 938 οὐκ
698 874 835 958 ἄδηλον,
859 873 910 940 ὅτι
933 865 984 951 οἷς
1006 875 1111 939 εἰπεῖν
1130 874 1151 939 ἀ
1179 893 1192 935 ε

134 989 322 1065 φρονοῦσιν
346 977 408 1045 οὐκ
431 979 575 1064 ἔξεστιν,
597 976 678 1045 οὐδὲ
700 979 820 1067 πρᾶξαι
842 979 885 1046 ἀν
908 979 1005 1065 ἐξείη,
1028 981 1050 1046 ἀ
1072 981 1152 1065 βού-

133 1090 259 1152 λονται.
294 1084 314 1169 ἢ
338 1082 507 1170 κομίζεσθ’
530 1080 604 1170 οὖν,
627 1088 702 1172 ἔφη,
720 1087 781 1169 τὴν
799 1085 965 1173 ἐξουσίαν,
988 1087 1030 1172 ἣν
1049 1089 1151 1155 δεδύ-

132 1215 212 1257 κατε
235 1191 332 1277 ἡμῖν,
359 1193 393 1258 εί
413 1192 457 1276 μη
481 1191 614 1276 μέλλετε
638 1197 796 1278 βεβαιοῦν
819 1195 901 1279 αὐτῇ
924 1193 1101 1280 τάσφαλές,
1130 1195 1151 1279 ἢ

133 1300 228 1387 νόμῳ
247 1296 408 1384 γραφέντι
426 1301 594 1365 κωλύσατε
612 1302 691 1377 τοὺς
710 1299 864 1384 ἐμποδὼν
882 1301 962 1385 ἡμῖν
980 1303 1018 1367 τὸ
1032 1304 1151 1368 λοιπὸν

134 1402 323 1488 ἐσομένους.
366 1415 502 1472 τοιαῦτα
530 1408 734 1492 διαλεχθείς,
766 1407 1035 1484 ἐπικελεύσαντος
1063 1389 1193 1503 αύτςῦζῙ0

133 1519 194 1577 τοῦ
209 1513 319 1596 δήμου
334 1512 459 1598 μεγάλη
473 1516 535 1597 βοῇ
555 1515 614 1578 τὸν
631 1515 738 1598 νόμον
753 1511 931 1599 εἰσφέρειν,
950 1516 1035 1599 ἔχων
1049 1513 1152 1579 αὐτὸν

133 1619 199 1701 ἤδη
227 1616 458 1706 γεγραμμένον
490 1617 692 1702 ἀνεγίνωσκε
723 1618 779 1685 καὶ
810 1629 924 1705 ψῆφον
957 1620 1075 1685 δίδωσι
1106 1629 1153 1707 τῷ

73 1727 259 1807 ιεσεπλήθει
272 1723 350 1811 περὶ
363 1725 467 1791 αὐτοῦ
481 1735 678 1812 παραχρῆμα
692 1725 889 1810 ἐπενεγκεῖν.
911 1727 951 1793 ού
966 1727 1029 1813 γάρ
1044 1725 1152 1792 ἐδόκει

133 1833 171 1896 τὸ
195 1839 331 1916 πρᾶγμα
359 1832 493 1898 δεῖσθαι
521 1831 687 1917 ἀναβολῆς
713 1828 793 1898 ούδέ
816 1836 1021 1917 μελλησμοῦ,
1047 1834 1092 1917 μή
1119 1855 1151 1897 τι

135 1938 217 2003 ἀλλο
235 1938 373 2020 κώλυμα
393 1935 527 2021 γένηται
546 1940 628 2024 πρὸς
645 1948 712 2004 τῶν
730 1938 875 2003 ὑπάτων.
906 1933 949 2022 ἦν
968 1934 1006 2004 δέ
1018 1919 1191 2033 τοιόσδε155

136 2043 154 2110 ὁ
177 2047 294 2129 νύμος·
318 2044 502 2131 Δημάρχου
525 2046 662 2129 γνώμην
681 2044 901 2131 ἀγορεύοντος
919 2044 955 2111 ἐν
974 2045 1067 2134 δήμῳ
1091 2070 1150 2130 μη·

137 2149 205 2228 δεδς
241 2148 361 2234 λεγέτω
394 2147 499 2234 μηδὲν
533 2149 687 2216 ἐναντίον
719 2148 802 2236 μηδὲ
838 2153 1060 2236 μεσολαβείτω
1092 2153 1152 2218 τὸν

135 2260 246 2340 λόγον.
288 2256 348 2322 ἐὰν
376 2255 416 2322 δέ
440 2280 489 2334 τις
515 2258 604 2344 παρὰ
632 2267 734 2324 ταῦτα
761 2260 899 2344 ποιήση,
934 2258 1055 2323 διδότω
1083 2267 1152 2334 τοῖς

136 2362 317 2448 δημάρχοις
346 2361 506 2446 ἐγγυητάς
533 2361 682 2448 αἰτηθεὶς
713 2365 760 2442 είς
792 2366 916 2429 ἔκτισιν
943 2357 982 2446 ἧς
1013 2362 1055 2429 ἀν
1083 2362 1151 2428 ἐπι-

135 2475 245 2536 θῶσιν
263 2469 352 2557 αύτςῦ
378 2472 497 2553 ζημίας.
536 2471 554 2536 δ
573 2466 610 2535 δὲ
629 2471 673 2554 μη
693 2471 812 2548 διδοὺς
833 2470 996 2555 ἐγγυητὴν
1014 2470 1151 2558 θανάτῳ
1166 2489 1192 2530 εο

137 2577 344 2661 ζημιούσθω,
372 2572 427 2641 καὶ
449 2577 489 2640 τά
512 2573 648 2662 χρήματ’
675 2577 779 2644 αὐτοῦ
803 2579 874 2662 ίερά
897 2580 990 2642 ἔστω.
1026 2588 1093 2642 τῶν
1116 2573 1146 2641 δ’

136 2681 436 2768 ἀμφισβητούντων
463 2684 546 2768 πρὸς
576 2683 697 2760 ταύτας
727 2684 785 2760 τὰς
818 2687 930 2767 ζημίας
962 2683 999 2747 αἱ
1027 2685 1152 2768 κρίσεις

136 2791 283 2854 ἐστωσαν
312 2786 365 2854 ἐπὶ
392 2798 453 2855 τοῦ
480 2791 598 2872 δήμου.
643 2797 763 2856 τοῦτον
785 2791 845 2855 τὸν
867 2791 973 2873 νόμον
996 2787 1187 2872 ἐπιύηφί-6

136 2912 252 2972 σαντες
266 2895 303 2960 οί
314 2895 478 2981 δήμαρχοι
493 2895 650 2963 διέλυσαν
663 2897 725 2980 την
740 2895 928 2979 ἐκκλησίαν·
946 2892 1002 2959 καὶ
1015 2893 1033 2959 ὁ
1049 2895 1153 2977 δῆμος

137 2999 233 3088 ἀπῄει
252 3005 378 3085 πολλῆς
395 3002 541 3085 γεγονὼς
559 3004 677 3085 μεστὸς
695 3002 870 3086 εὐθυμίας,
893 3009 938 3090 τῷ
956 2998 994 3065 δὲ
1012 3001 1151 3090 Βρούτφ
1166 3018 1191 3060 ιε

208 3271 224 3319 3
244 3263 397 3334 δυνάμεθα
416 3265 437 3318 Β
510 3271 527 3319 4
546 3271 715 3334 συναγαγεῖν
733 3264 812 3320 ABG
832 3264 964 3334 συνάγειν
982 3266 1009 3319 R
1081 3273 1095 3320 7
1116 3265 1152 3320 διν

139 3329 185 3417 ἐξῇ
205 3334 224 3388 δι
242 3335 268 3389 A
294 3333 331 3394 διν,
350 3330 423 3401 ἐξείη
443 3334 462 3388 δι
479 3334 509 3406 (ἃ
528 3354 562 3390 ex
581 3333 606 3400 ὃ)
624 3335 671 3390 Ba
694 3335 738 3396 διν
750 3332 853 3402 ἐξεῖναι
874 3335 893 3389 ἀ
911 3335 959 3390 Bb
983 3336 1019 3392 διν
1039 3331 1114 3406 ἐξείη
1133 3336 1153 3390 ἃ

137 3405 284 3474 Klossling
349 3412 364 3461 8
384 3405 420 3475 μὴ
440 3406 505 3462 add.
525 3406 628 3475 BOmg
643 3410 647 3470 Ι
664 3407 719 3461 *τὸ
739 3406 864 3476 ἀσφαλὲς
882 3405 905 3460 Ο
970 3412 1002 3461 12
1023 3411 1152 3478 *ψῆφον

138 3478 350 3532 ἀναδίδωσι-
369 3472 529 3548 ἐπενεγκεῖν
545 3479 567 3533 Ο
587 3489 618 3548 ψ,
638 3476 697 3547 ἅμα
716 3479 815 3533 δίδωσι
829 3511 855 3518 -
869 3473 1030 3547 ἐπενεγκεῖν
1050 3495 1073 3533 ο.
1092 3479 1153 3532 Sin-

140 3547 213 3602 ἰειύε
232 3548 295 3602 Em.
314 3546 395 3604 Dion.
414 3549 503 3605 11114
522 3544 683 3618 ἐπενεγκεῖν
702 3548 757 3604 del.
775 3549 879 3604 Reiske
901 3551 1000 3604 δίδωσι
1019 3565 1072 3618 ego
