2660 3976
513 249 681 298 -H—
1039 248 1106 314 203

48 405 214 490 ῖεῖῖὴδονῆν
236 430 312 473 τινα
336 406 577 494 ἐκαρπωσάμην
599 409 620 492 ῆ
644 409 750 495 μῆτηρ
774 407 839 493 ἐγὼ
871 411 926 475 διδι
951 409 1004 490 σέ;
1033 414 1106 477 τότε

39 569 40 574 ,
95 509 146 597 μέν
166 509 231 580 οὖν
248 515 289 579 τὰ
312 515 453 598 μάλιστα
474 515 622 600 ἠτύχουν
641 517 786 592 στάσεως
808 521 978 601 πολιτικῆς
1000 517 1104 601 μέσον

95 621 198 706 ὁρῶσά
221 638 258 686 σε
281 625 445 706 κείμενον.
492 621 528 687 ἐν
552 613 603 698 οἷς
625 623 689 707 γὰρ
713 622 834 688 ἀνθεῖν
857 621 983 700 ἐδόκεις
1011 628 1105 689 πολι-

94 729 224 812 τεύμασι
242 725 298 792 καί
316 730 420 806 πολὺς
439 729 547 805 ἐπνεις
571 727 826 812 ἐναντιούμενος
848 724 932 815 ὑπὲρ
955 738 1012 813 τῆς
1034 728 1105 813 ἀρι-

94 838 281 920 στοκρατίας
306 846 377 912 τοῖς
404 837 611 920 δημοτικοῖς,
637 832 729 901 ταῦτ’
761 832 835 920 ἐμοὶ
863 838 973 921 φόβου
1001 838 1103 921 μεστά
1130 857 1153 897 τ’

37 999 38 1006 ,
93 937 127 1024 ῆν
150 935 388 1028 ἐνθυμουμένη
410 943 470 1006 τὸν
488 939 708 1027 ἀνθρώπινον
730 945 818 1027 βίον,
841 943 887 1019 ὡς
910 940 963 1007 ἐπί
985 952 1104 1030 μικρᾶς

36 1069 37 1100 1
93 1049 253 1136 αἰωρεῖται
281 1047 396 1133 ῥοπῆς,
428 1045 483 1112 καλ
511 1046 547 1112 ἐκ
576 1051 710 1113 πολλῶν
737 1046 957 1134 ἀκουσμάτων
985 1072 1019 1114 τε
1048 1047 1104 1115 καὶ

36 1161 38 1202 '²
92 1154 291 1240 καθημάτων
313 1154 481 1241 μαθούσῃ,
504 1155 555 1220 ὅτι
578 1166 648 1232 τοῖς
669 1153 841 1241 ἐπισήμοις
858 1155 1002 1243 ἀνδράσι
1024 1159 1103 1222 θεία

35 1337 37 1348 2
92 1283 134 1338 τις
155 1259 364 1327 ἐναντιοῦται
387 1259 519 1345 νέμεσις
541 1259 562 1345 ἢ
584 1264 716 1347 φθόνος
735 1285 785 1339 τις
808 1261 1022 1344 ἀνθρώπινος
1043 1283 1103 1328 πο-

35 1383 37 1462 η
93 1370 188 1450 λιμοί·
215 1365 271 1432 καλ
298 1361 343 1451 ῆν
364 1367 430 1453 ἀρα
456 1367 573 1451 μάντις
603 1366 732 1452 ἀληθῆς
755 1368 800 1446 δις
822 1370 946 1452 μήποτε
970 1368 1102 1453 ὤφελον
1117 1390 1144 1430 ιο

92 1484 152 1537 τῶν
184 1471 427 1557 ἐκβησομένων.
482 1476 729 1557 κατηγωνίσατό
764 1471 798 1556 γ’
835 1468 898 1539 οὖν
930 1490 967 1538 σε
999 1477 1104 1552 πολὺς

34 1467 38 1724 ³
93 1577 260 1666 ἐπιρράξας
284 1579 302 1646 ὁ
325 1579 494 1658 πολιτικὸς
520 1583 652 1666 φθόνος
679 1577 734 1646 καὶ
762 1577 953 1665 ἀνήρπασεν
982 1578 1018 1645 ἐκ
1045 1590 1103 1665 τῆς

34 1725 36 1784 Ι
92 1687 255 1774 πατρίδος·
284 1685 302 1752 ὁ
327 1682 364 1752 δὲ
393 1687 474 1770 μετά
497 1687 600 1752 ταῦτά
623 1711 688 1771 μου
711 1689 799 1772 βίος,
827 1688 859 1751 εί
881 1688 922 1772 δὴ
947 1685 1002 1752 καὶ
1025 1690 1102 1772 βίον

34 1785 36 1864 λ
92 1792 188 1859 αὐτὸν
215 1793 269 1858 δεῖ
292 1798 423 1878 καλεῖν,
455 1790 512 1878 ἀφ’
543 1788 585 1858 οὗ
612 1817 651 1878 με
679 1794 869 1859 καταλιπὼν
898 1793 1021 1880 ἔρημον
1049 1793 1102 1860 ἐπὶ

33 1965 35 1992 ᾗ
91 1898 161 1976 τοῖς
175 1900 320 1977 παιδίοις
341 1901 471 1977 τούτοις
493 1897 656 1985 ἀπῆλθες,
686 1899 723 1965 ἐν
746 1901 853 1989 τούτῳ
877 1901 1100 1985 δεδαπάνηται
1115 1920 1141 1961 15

33 1997 35 2032 ³
90 2014 132 2092 τῷ
155 2005 247 2096 ῥύπῳ
270 2005 325 2072 καλ
349 2006 385 2072 ἐν
403 2018 473 2084 τοῖς
495 2009 674 2092 πενθίμοις
691 2008 826 2095 τρύχεσι
844 2007 982 2084 τούτοις.
1019 2005 1136 2075 &vm

33 2106 137 2192 ΙΙοῖούν
158 2112 312 2180 ἁπάντων
340 2115 466 2198 ταύτην
492 2112 618 2202 ἀπαιτῶ
648 2130 685 2179 σε
713 2113 827 2200 χάριν,
856 2111 1024 2197 μηδέποτέ
1047 2129 1101 2180 σοι

92 2222 200 2304 βαρεῖα
221 2219 386 2305 γενομένη
410 2216 486 2304 μηδ’
514 2223 562 2298 είς
583 2223 643 2287 τὸν
665 2221 784 2288 λοιπὸν
803 2217 943 2303 ἐσομένη
966 2223 1101 2305 χρόνον,

93 2324 149 2402 ἕως
173 2325 214 2392 ἀν
242 2330 301 2411 ζῶ,
334 2328 554 2411 διαλλαγῆναι
581 2325 664 2413 πρὸς
690 2329 769 2403 τοὺς
796 2335 939 2392 σεαυτοῦ
965 2329 1101 2404 πολίτας

33 2475 35 2530 ,
92 2432 151 2516 ῆδη
167 2429 244 2498 ποτδ
263 2431 318 2498 καὶ
337 2434 530 2498 παύσασθαι
551 2435 611 2499 τὸν
634 2433 823 2517 ἀμείλικτον
847 2434 949 2516 χόλον
972 2433 1100 2518 φυλάσ-
1113 2455 1140 2494 ιο

33 2531 35 2578 ²
94 2555 186 2606 σοντα
211 2541 294 2606 κατὰ
321 2549 379 2624 τῆς
401 2541 573 2625 πατρίδος·
601 2541 717 2605 κοινὸν
747 2537 878 2622 ἀγαθὸν
902 2537 1101 2625 ἀμφοτέροις

33 2703 35 2728 s
92 2643 165 2728 ἡμῖν
186 2645 325 2725 ἀξιοῦσα
342 2651 459 2731 λαβεῖν
476 2644 530 2712 καλ
550 2645 612 2711 ούκ
631 2644 773 2729 ἐμαυτῆς
792 2645 881 2710 ἴδιον
899 2648 1012 2729 μόνης.
1045 2649 1135 2714 σοί3

33 2729 35 2758 ¹
93 2774 125 2815 τε
144 2755 220 2841 γάρ,
248 2752 308 2819 ἐὰν
335 2759 475 2840 πεισθῆς
501 2751 557 2818 καὶ
584 2748 693 2837 μηθὲν
721 2751 903 2836 ἀνήκεστον
931 2749 1100 2837 ἐξεργάσῃ,

93 2862 236 2946 καθαράν
263 2858 318 2926 καὶ
347 2858 507 2944 ἀμίαντον
540 2861 627 2945 ἔχειν
660 2861 862 2944 συμβήσεται
895 2858 956 2941 τὴν
987 2858 1099 2943 ύυχῆν

94 2961 150 3031 ἀπὸ
179 2968 303 3044 παντὸς
336 2968 440 3052 χόλου
474 2963 529 3031 καλ
562 2967 770 3053 ταράγματος
802 2966 992 3048 δαιμονίου·
1027 2962 1103 3049 ἐμοί
1113 2982 1140 3024 ει

94 3092 124 3134 τε
148 3073 167 3156 ἡ
189 3074 277 3159 παρὰ
304 3083 373 3138 τῶν
395 3076 541 3139 πολιτῶν
564 3095 598 3138 τε
625 3071 680 3138 καί
707 3073 890 3138 πολιτίδων
911 3071 989 3156 τιμῆ
1014 3071 1098 3157 ζώση

95 3198 124 3239 τε
144 3185 444 3265 παρακολουθοῦσα
462 3179 564 3263 <τὸν>
583 3181 660 3265 βίον
678 3179 862 3264 εὐδαίμονα
879 3179 1021 3262 ποιησει,
1043 3175 1099 3242 καλ

161 3375 220 3428 ῖτε
237 3371 287 3426 καλ
300 3370 480 3442 παθημάτων
500 3388 554 3427 om.
574 3374 598 3424 A
655 3376 687 3425 10
706 3370 877 3440 *ύφελονΟ
897 3372 927 3425 et
946 3370 986 3425 sie
1004 3370 1099 3426 Κίοιο-

98 3435 151 3507 ling
168 3443 195 3495 ot
211 3443 284 3498 Prou
357 3449 390 3496 11
409 3442 463 3514 γάρ
482 3439 533 3497 οῦν
552 3441 675 3496 Reudler
693 3441 784 3498 Ἦτοο.
803 3443 864 3497 crit.
883 3460 911 3511 p.
927 3448 943 3496 2
1022 3450 1054 3497 13
1075 3441 1102 3496 εί

99 3508 142 3562 δεῖ
154 3510 209 3567 sino
227 3514 262 3585 δὴ
282 3514 304 3569 0
325 3514 439 3584 praeter
458 3515 482 3568 B
553 3518 587 3569 27
606 3513 656 3568 τὸν
675 3511 739 3569 add.
757 3511 903 3583 Kiessling
