2586 3972
196 195 262 258 244
619 199 786 248 -Η-

194 356 355 422 ὑπατείαν
372 359 637 441 παρειληφότων,
659 358 779 443 ἀνδρες
798 357 835 422 ἐκ
852 367 920 423 τῶν
937 361 1119 444 πατρικίων
1136 356 1205 422 νέοι

195 459 257 547 μὲν
275 465 323 528 ἐτι
341 463 402 546 τὴν
420 461 565 546 ἡλικίαν,
585 461 838 548 ἐπιφανέστατοι
857 460 895 528 δέ
912 475 981 530 τῶν
998 465 1108 530 ἄλλων
1127 463 1206 528 κατά

196 567 228 652 γ’
259 567 410 648 ἀξιώσεις
438 571 630 654 προγόνων,
659 566 716 634 καὶ
743 570 801 634 διὰ
831 571 890 647 τὰς
918 568 1063 656 ἑταιρίας
1090 593 1126 636 τε
1155 566 1207 633 καὶ

196 676 362 752 πλούτους
393 673 477 759 μέγα
509 675 706 759 δυνάμενοι,
737 673 793 740 καὶ
824 676 869 753 ὡς
894 674 966 742 νέοι
992 677 1034 741 τά
1060 673 1209 740 πολιτικά

170 780 353 866 ταράττειν
380 779 520 858 οὑδευὸς
546 790 614 846 τῶν
637 779 674 847 ἐν
697 780 784 866 ἀκμῆ
805 785 954 868 χείρους,
982 785 1119 847 Καίσων
1144 779 1209 844 Φά-

198 890 282 971 βιος,
305 886 449 972 ἀδελφὸς
465 897 527 953 τοῦ
544 891 618 952 τότε
635 888 871 972 ὑπατεύοντος,
887 887 945 954 καὶ
962 890 1106 964 Λεύκιος
1126 886 1209 952 Οὐα-

199 990 308 1075 λέριος
335 995 563 1076 Ποπλικόλας,
596 991 740 1079 ἀδελφὸς
770 1003 831 1059 τοῦ
862 995 1109 1071 καταλύσαντος
1138 994 1212 1068 τοὺς

150 1101 360 1183 μ-βασιλεῖς,
387 1099 449 1183 τῆν
476 1099 688 1190 ταμιευτικὴν
715 1101 846 1184 ἔχοντες
873 1098 1028 1178 ἐξουσίαν
1050 1101 1134 1166 κατὰ
1155 1101 1211 1164 τὸν

199 1203 303 1270 αὐτὸν
325 1207 461 1290 χρόνον,
483 1201 539 1270 καὶ
562 1205 618 1270 διά
637 1202 727 1270 τοῦτ’
749 1203 926 1290 ἐκκλησίαν
945 1207 1104 1291 συνάγειν
1123 1208 1212 1281 ὄντες

159 1327 186 1366 10
199 1311 322 1396 κύριοι,
341 1313 401 1376 τὸν
419 1311 651 1376 ὑπατεύσαντα
668 1319 713 1398 τῷ
732 1315 885 1396 πρόσθεν
903 1312 1044 1400 ἐνιαυτῷ
1063 1315 1212 1398 Σπόριον

197 1417 349 1483 Κάσσιον
371 1415 428 1482 καὶ
449 1421 659 1502 τολμήσαντα
681 1420 760 1496 τοὺς
779 1421 856 1504 περὶ
873 1429 931 1503 τῆς
949 1420 1111 1504 διανομῆς
1128 1421 1213 1502 είση-

196 1527 366 1607 γῆσασθαι
394 1525 519 1607 νόμους
546 1524 757 1606 είσῆγγειλαν
783 1526 832 1601 είς
858 1527 918 1591 τὸν
948 1527 1056 1610 δῆμον
1083 1523 1140 1591 ἐπὶ
1161 1549 1211 1591 τυ-

196 1631 355 1712 ραννίδος
373 1630 475 1715 αἰτίᾳ·
496 1626 552 1694 καὶ
569 1632 784 1713 προειπόντες
801 1629 929 1715 ἡμέραν
948 1631 1053 1716 ῥητὴν
1072 1629 1211 1696 ἐκάλουν

195 1733 297 1799 αὑτὸν
325 1733 370 1811 ὡς
399 1732 453 1799 ἐπὶ
479 1744 540 1800 τοῦ
568 1735 766 1820 δῆμουτῆν
789 1736 886 1820 δίκην
909 1735 1266 1821 ἀπολογησόμενονσοεο

132 1818 299 1933 ’,ξόχλου
322 1835 360 1904 δέ
380 1843 537 1906 πλείστου
555 1840 783 1926 συναχθέντος
805 1843 853 1919 είς
875 1843 936 1926 τῆν
955 1841 1210 1928 ἀποδειχθεῖσαν

195 1943 323 2031 ἡμέραν
346 1944 607 2029 συγκαλέσαντες
634 1948 682 2024 είς
705 1945 882 2030 ἐκκλησίαν
905 1949 942 2013 τὸ
965 1953 1096 2032 πλῆθος
1121 1945 1205 2014 τότ’

196 2049 326 2136 ἐμφανῆ
349 2061 410 2117 τοῦ
433 2050 556 2138 ἀνδρὸς
578 2055 659 2137 ἐργα
682 2053 727 2130 ὡς
750 2050 812 2118 ἐπ’.
827 2050 942 2118 οὐδενὶ
965 2063 1095 2142 χρηστῷ
1120 2057 1209 2139 γενό-

196 2179 280 2240 μενα
303 2155 490 2243 διεξῄεσαν·
515 2158 566 2223 ότι
588 2161 747 2235 Λατίνοις
769 2154 832 2243 μέν
852 2168 997 2244 πρῶτον,
1020 2151 1070 2237 οἷς
1087 2159 1208 2247 ἀπέχρη

194 2265 362 2339 πολιτείας
379 2272 493 2347 κοινῆς
512 2262 696 2348 ἀξιωθῆναι
715 2261 798 2348 μέγα
816 2263 985 2350 εὑτύχημα
1002 2265 1209 2350 ἡγουμένοις,

155 2387 182 2428 ιο
195 2369 227 2432 εί
247 2364 303 2432 καὶ
325 2369 446 2453 ταύτης
467 2369 616 2454 τύχοιεν,
644 2369 685 2435 οὐ
713 2371 819 2454 μόνον
847 2369 891 2454 ῆν
913 2368 1019 2456 ᾔτουν
1041 2375 1210 2438 πολιτείαν

193 2472 318 2550 ὑπατος
340 2473 387 2540 ὢν
410 2473 601 2560 ἐχαρίσατο,
629 2472 702 2540 ἀλλ’
728 2477 776 2540 ἐτι
804 2473 859 2541 καὶ
882 2485 950 2541 τῶν
973 2475 1011 2542 ἐκ
1033 2487 1093 2543 τοῦ
1116 2477 1210 2545 πολέ-

193 2603 259 2665 μου
282 2580 455 2665 λαφύρων,
478 2579 656 2663 ἐάν-κοινῆ
675 2579 811 2665 γένηται
830 2585 996 2667 στρατεία,
1017 2584 1080 2668 τῆν
1097 2589 1210 2669 τρίτην

192 2685 377 2771 ἐψηφίσατο
400 2687 572 2752 δίδοσθαι·
595 2683 701 2752 ἔπειθ’
720 2685 888 2772 Ἕρνικας,
911 2687 971 2765 οὑς
991 2688 1126 2779 πολέμῳ
1144 2715 1207 2777 χει-

192 2791 363 2878 ρωθέντας
386 2791 516 2877 ἀγαπᾶν
539 2792 639 2879 ἐχρῆν
646 2843 656 2878 ,
682 2795 714 2858 εί
732 2795 784 2882 μῆ
807 2791 863 2860 καὶ
884 2802 944 2878 τῆς
966 2795 1078 2862 αὐτῶν
1098 2799 1206 2883 χώρας

152 2918 178 2960 ει
192 2897 365 2986 ἀφαιρέσει
387 2896 454 2965 τινὶ
477 2903 689 2984 ζημιωθεῖεν,
718 2903 838 2984 φίλους
860 2895 922 2985 μὲν
946 2899 1024 2966 ἀνθ’
1050 2900 1205 2985 ὑπηκόων

192 3005 336 3091 ἐποίησε,
359 3008 494 3082 πολίτας
517 3003 550 3070 δ’
577 3003 655 3070 ἀνθ’
681 3005 865 3090 ὑποτελῶν,
888 3014 947 3090 γῆς
968 3030 1005 3072 τε
1027 3004 1083 3072 καὶ
1105 3011 1204 3090 λείας,

263 3168 280 3216 2
299 3161 373 3216 κατά
390 3180 420 3216 τε
440 3161 462 3216 Ο
485 3157 559 3215 κατά
576 3181 607 3230 γε
627 3177 650 3216 ο.
666 3161 827 3230 Stephanus
864 3169 867 3176 ’
935 3169 951 3216 6
971 3163 1144 3232 ἀδελφιδοῦς
1162 3161 1207 3216 vel

192 3233 369 3302 ἀδελφόπαις
392 3249 415 3288 ο.
439 3230 594 3286 Glareanus
686 3238 720 3287 10
739 3231 846 3302 πρόσθ’
868 3227 1030 3305 ἐνιαυτῷΒ
1122 3242 1153 3290 17
1173 3235 1208 3296 ὡς

193 3304 257 3358 add.
277 3303 300 3356 B
385 3308 419 3358 18
437 3303 547 3372 ἀπόχρη
567 3301 590 3356 0
608 3305 722 3372 praeter
740 3303 763 3356 B
849 3309 884 3358 20
902 3305 1042 3359 ὑπατείαν
1061 3304 1112 3360 Ac
1130 3309 1206 3360 πολι-

191 3371 605 3500 χχίχνῖἓῦχωέχχτῗσχπολιτείαν
623 3390 647 3428 ο.
667 3372 788 3444 Sylburg
879 3380 913 3428 24
932 3369 1018 3448 ἐχρῆν
1037 3375 1084 3430 Ba
1173 3382 1205 3430 25
