2660 3976
545 262 785 323 -·.H-·

48 420 152 489 1526Ἀ
174 417 238 504 μὲν
260 419 443 507 ἐψήφισται
462 423 500 487 τὸ
523 423 639 487 κοινὸν
661 422 768 507 ὑμῶν,
791 423 858 508 ἔχει
881 425 989 499 καλῶς
1011 419 1067 487 καὶ
1090 447 1140 506 γι-

117 526 232 593 νέσθω
255 529 338 594 κατὰ
361 531 421 594 τὸν
444 530 568 594 οίκεΐον
591 527 710 594 ἕκαστα
733 532 863 614 καιρόν·
887 527 924 593 ἐν
948 529 1015 618 ὅσῳ
1039 525 1077 593 δδ
1099 530 1140 594 τά

48 675 50 680 -
118 636 348 720 στρατεύματα
367 633 500 720 μέλλετε
513 635 739 721 καταγράφειν
753 632 808 700 καὶ
820 629 925 700 τάλλα
938 635 1140 720 εὐτρεπίζειν

118 740 237 820 ἕξοντά
259 766 353 820 τινας
376 743 485 828 ὥσπερ
508 743 597 819 εἰκὸς
620 740 776 828 ἀσχολίας
794 739 848 807 καλ
867 741 1050 827 διατριβάς,
1073 739 1138 824 ἐγὼ

117 845 174 913 καὶ
202 849 330 926 Τύλλος
358 851 458 934 ἔργον
487 847 648 933 ἐχώμεθα.
694 847 786 925 ὅσοις
813 841 876 914 οὖν
901 847 995 932 ὑμῶν
1019 851 1139 932 βουλο-
1167 870 1180 910 5

118 955 233 1042 μένοις
257 953 327 1022 ἐστὶ
345 964 571 1042 προνομεῦσαι
587 954 734 1037 τὴντῶν
751 957 919 1039 πολεμίων
938 953 992 1020 καλ
1011 956 1139 1039 πολλὴν

117 1061 345 1146 ἀποτεμέσθαι
369 1066 474 1146 λείαν,
497 1067 545 1127 ίτε
565 1063 629 1126 σύν
647 1059 737 1146 ἡμῖν.
773 1059 978 1148 ὑποδέχομαι
998 1060 1029 1127 δ’
1046 1063 1139 1147 ύμῖν,

117 1169 177 1235 ε’διν
200 1171 282 1246 θεὸς
305 1169 466 1256 συλλάβη,
487 1169 612 1252 πολλδις
633 1165 690 1232 καὶ
707 1169 810 1245 καλάς
828 1169 950 1233 δώσειν
969 1168 1138 1254 ὠφελείας.
1240 1257 1243 1262 Ι

117 1278 167 1342 ἔτι
191 1277 255 1360 γὰρ
279 1274 506 1361 ἀπαράσκευοί
525 1277 591 1340 είσι
604 1272 757 1359 Ῥωμαῖοι
780 1275 927 1358 δύναμιν
946 1276 1039 1341 οὔπω
1059 1283 1173 1347 συν-3

116 1393 297 1465 εστηκυϊαν
320 1382 501 1468 ὁρῶντες
484 1380 658 1467 υμετέραν,
681 1379 757 1446 ὥστ’
778 1379 883 1458 ἀδεώς
901 1381 981 1465 ἡμιν
1000 1381 1138 1466 ὑπάρξει
1153 1405 1179 1444 ιο

116 1498 229 1555 πᾶσαν
259 1489 392 1574 ὅσην“
373 1514 415 1554 αν
444 1490 647 1573 βουλώμεθα
679 1485 788 1572 τῆςέ
788 1490 908 1563 κείνων
942 1490 1050 1573 χώρας
1080 1512 1139 1553 κα-

115 1597 308 1682 ταδραμείν.

184 1702 259 1767 XII.
280 1699 550 1787 Ἀποδεξαμένων
570 1697 608 1766 δέ
626 1697 681 1765 καὶ
698 1701 822 1784 ταύτην
840 1700 902 1783 την
921 1701 1058 1784 γνώμην
1071 1711 1138 1766 τῶν

116 1810 346 1877 Οὐολούσκων
373 1806 510 1896 ἐξῄεσαν
540 1809 575 1874 οἱ
599 1805 776 1894 στρατηγοὶ
805 1808 861 1872 διδι
889 1805 1031 1892 ταχέων,
1058 1804 1138 1892 πρὶν

116 1918 264 1982 ἔκπυστα
295 1915 454 1999 γενέσθαι
480 1912 651 1999 Ῥωμαίοις
681 1915 721 1979 τδι
753 1915 978 1999 βουλεύματα,
1010 1914 1138 1997 πολλὴν
1153 1935 1179 1976 15

16 2013 18 2020 ¹
117 2021 318 2106 ἐπαγόμενοι
341 2023 498 2107 στρατιδιν
520 2018 688 2086 ἑκούσιον·
711 2015 752 2103 ἧς
772 2018 872 2105 μέρος
890 2015 951 2104 μὲν
971 2019 989 2086 δ
1013 2020 1139 2098 Τύλλος

49 2132 205 2215 Ιοκλέχων
233 2131 281 2205 είς
302 2128 364 2211 την
387 2131 543 2192 Λατίνων
565 2129 677 2213 χώραν
702 2125 875 2210 ἐνέβαλεν,
902 2126 958 2190 ἵνα
980 2127 1139 2211 περισπά-

118 2252 186 2301 σειε
208 2245 278 2300 τῶν
300 2237 469 2318 πολεμίων
491 2234 551 2317 τὴν
575 2233 705 2298 ἐκεῖθεν
728 2231 933 2318 ἐπικουρίαν,
955 2233 993 2296 τὸ
1015 2228 1052 2297 δὲ
1070 2237 1139 2300 λοι-

116 2345 182 2408 πὸν
206 2341 225 2408 ὁ
248 2341 402 2425 Μάρκιος
431 2341 522 2423 άγων
549 2338 603 2406 ἐπὶ
630 2341 691 2424 την
708 2337 877 2423 Ῥωμαίων
904 2339 1037 2422 ἤλασεν.
1083 2331 1174 2408 ola?

118 2445 148 2513 δ’
180 2448 434 2534 ἀπροσδοκήτου
462 2447 565 2532 <τοῦ>
600 2457 704 2513 κακοῦ
732 2457 801 2523 τοῖς
827 2445 909 2511 κατδι
936 2444 998 2527 την
1025 2447 1138 2532 χώραν
1152 2467 1178 2508 το

118 2557 351 2640 διατρίβουσιν
375 2553 589 2630 ἐπιπεσόντος
605 2554 712 2619 πολλὰ
730 2549 792 2636 μὲν
811 2549 896 2616 έάλω
916 2552 1050 2634 σώματα
1062 2550 1139 2617 Ῥω-

118 2665 229 2746 μαίων
260 2659 438 2745 ἐλεύθερα,
466 2661 573 2725 πολλὰ
603 2655 633 2724 δ’
664 2657 873 2744 ἀνδράποδα,
903 2661 994 2742 βοών
1021 2680 1056 2722 τε
1083 2656 1139 2722 καὶ

118 2769 309 2850 ὑποζυγίων
332 2763 388 2830 καὶ
410 2776 477 2831 τῶν
496 2766 608 2831 ἀλλων
627 2764 845 2849 βοσκημάτων
863 2772 971 2850 χρῆμα
990 2764 1052 2830 οὐκ
1070 2763 1139 2830 ὀλί-

119 2893 194 2956 γον·
219 2869 368 2949 σίτόςθ’
391 2871 469 2948 ὅσος
492 2870 722 2956 ἐγκατελήφθη
746 2868 801 2935 καὶ
820 2873 956 2957 σίδηρος
974 2867 1065 2935 καὶ“’
1047 2887 1139 2947 οσοις

119 2983 235 3057 ἀλλοις
257 2980 347 3064 χώρα
371 2989 578 3063 γεωργεῖται,
605 2973 728 3062 τδιμδν
708 2976 925 3063 νὴρπάσθη,
948 2971 1049 3041 τδδδ
1072 2977 1138 3041 διε-
1153 2994 1179 3038 25

119 3088 245 3173 φθάρη.
277 3089 495 3163 τελευτῶντες
512 3086 575 3171 γδιρ
594 3083 733 3170 καὶπῦρ
753 3085 875 3162 εἰςτὰς
898 3084 1001 3161 αὐλὰς
1019 3080 1139 3169 φέρον-

120 3218 171 3273 τες
195 3191 376 3277 ἐνέβαλλον
401 3192 624 3275 Οὐολοῦσκοι,
653 3191 735 3256 ὥστε
758 3195 886 3257 πολλοῦ
909 3194 1034 3277 χρόνον
1057 3188 1134 3275 μηδ’

192 3393 243 3440 4τ
227 3383 307 3448 τινδις
326 3401 394 3439 corr
416 3383 512 3438 οτινδι
530 3383 577 3438 Bb
646 3389 680 3439 20
699 3392 748 3438 τοῦ
768 3381 833 3436 εδδ.
853 3381 995 3455 Grasberg
996 3400 1026 3438 er
1043 3383 1138 3438 Philo·

122 3459 203 3528 logus
222 3465 257 3512 28
278 3457 415 3526 (1869)p.
430 3460 481 3511 548
537 3462 570 3510 25
590 3454 625 3509 τδι
643 3456 732 3526 χωρία
750 3454 775 3508 Α
793 3455 882 3524 χωρία
900 3453 980 3508 Βώ
942 3475 980 3524 χω
982 3472 1060 3526 ραο.
1076 3455 1139 3511 sin-

122 3530 194 3584 tenis
213 3529 275 3583 Em.
295 3527 376 3582 Dion.
394 3527 435 3580 ΙΠ
454 3534 486 3582 15
506 3527 540 3582 of.
564 3527 625 3581 VIII
645 3533 687 3595 13,
707 3532 723 3580 2
788 3531 821 3579 27
842 3522 999 3581 οίολοῦοκοι
1016 3526 1039 3579 Β
