2586 3972
184 212 252 276 κιο
445 296 454 311 1
609 215 776 264 -Η-

186 375 330 457 ηνεγκαν
353 373 541 460 χρημάτων,
564 371 797 439 ἀνατεθέντων
818 370 846 437 τ’
874 371 985 437 αὐτῶν
1006 368 1196 457 ἀμφοτέρων

185 481 252 564 ἅμα
275 478 312 545 ἐν
334 488 373 564 τῇ
396 480 510 567 πρώτη
533 487 591 565 τῆς
609 478 814 566 ἀνιερώσεως
832 475 949 567 ἡμέρη,
971 478 1117 566 θάτερον
1134 489 1196 544 τῶν

185 583 443 671 ἀφιδρυμάτων,
471 583 489 650 ὃ
512 580 792 650 κατεσκευάσανθ’
820 584 858 648 αἱ
882 573 1053 668 γυναῖκες,
1081 581 1197 668 ἐφθέγ-

185 690 262 770 ξατο
294 696 428 758 πολλῶν
463 701 643 776 παρουσῶν
676 691 804 777 γλώττη
836 694 965 777 Λατίνῃ
997 691 1117 776 φωνην
1148 689 1197 754 εὐ·
1274 747 1275 774 ,

158 799 326 864 ισύνετόν
353 821 388 863 τε
415 795 471 863 καὶ
498 799 661 881 γεγωνόν·
688 791 728 880 ἧς
756 796 824 864 ἐστι
851 806 966 883 φωνῆς
988 795 1197 882 ἐξερμηνευό-

185 927 284 989 μενος
302 903 321 970 ὁ
340 910 421 980 νοῦς
438 904 487 980 είς
503 903 564 986 την
577 900 721 968 Ἑλλάδα
745 902 919 970 διάλεκτον
941 904 1088 970 τοιόσδε·
1103 900 1183 990 Ὁσί,
1275 940 1276 1004 ρ

149 1013 311 1086 3πόλεως
337 1011 430 1098 νόμῳ
457 1019 612 1092 γυναῖκες
639 1006 776 1094 γαμεταὶ
803 1006 970 1076 δεδώκατέ
990 1032 1040 1093 με.
1087 999 1142 1076 οἷα
1163 1005 1248 1074 δδ1641
1275 1005 1276 1012 '

154 1135 158 1142 ·
184 1121 279 1201 φιλεί
307 1118 463 1199 γίνεσθαι
493 1114 571 1202 περὶ
604 1117 663 1194 τάς
693 1115 902 1204 παραδόξους
933 1116 1048 1203 φωνάς
1080 1139 1116 1182 τε
1146 1113 1196 1182 καὶ

184 1224 293 1306 ὄψεις,
324 1223 431 1306 πολλὴ
458 1234 531 1301 ταίς
557 1224 742 1309 παρούσαις
775 1220 947 1289 ἐνέπιπτεν
975 1221 1126 1306 ἀπιστία,
1156 1225 1195 1306 μή

143 1347 170 1387 10
182 1325 257 1395 ποτ’
286 1329 327 1395 οὐ
348 1330 386 1394 τὸ
410 1327 531 1408 ξόανον
550 1335 601 1416 είη
620 1333 657 1396 τὸ
675 1328 922 1416 φθεγξάμενον,
945 1329 1143 1417 ἀνθρωπίνη
1163 1323 1198 1392 δέ

182 1459 234 1513 τις
256 1439 366 1522 φωνή·
394 1435 535 1520 μάλιστα
564 1433 594 1501 δ’
622 1436 698 1502 ὅσαι
727 1439 811 1523 πρὸς
833 1438 923 1526 ἀλλφ
945 1435 1012 1502 τινὶ
1034 1438 1094 1502 τὸυ
1117 1443 1195 1501 νοῦν

183 1544 318 1627 ἔχουσαι
345 1551 524 1627 τηνικαῦτα
557 1545 692 1628 ἔτυχον,
725 1543 787 1610 οὐκ
820 1545 952 1610 ἰδοῦσαι
983 1545 1021 1609 τὸ
1053 1543 1195 1627 φθεγγό-

183 1671 297 1732 μενον,
320 1647 339 1712 ὅ
361 1671 394 1713 τι
416 1643 493 1715 ποτ’
517 1643 573 1733 ἦν,
594 1651 719 1733 ταύτην
742 1644 833 1734 εἶχον
851 1651 912 1734 τὴν
930 1653 1014 1735 πρὸς
1031 1649 1088 1725 τὰς
1108 1648 1194 1714 ίδού-

183 1769 243 1830 σας
270 1752 434 1822 ἀπιστίαν.
480 1752 579 1822 ἔπειτ’
606 1750 708 1832 αὖθις
734 1755 947 1840 πληθύοντος
973 1765 1034 1822 τοῦ
1056 1755 1122 1821 νεὼ
1144 1751 1195 1818 καὶ

143 1879 169 1920 1⁵
184 1869 309 1945 σιωπῆς
335 1863 489 1946 πλείστης
520 1862 602 1926 κατὰ
630 1863 774 1946 δαίμονα
801 1857 982 1946 γενομένης
1010 1860 1047 1926 έν
1075 1863 1194 1946 μείζονι

182 1977 278 2054 φωνῇ
302 1968 403 2036 ταύτὸ
425 1967 548 2047 ξόανον
572 1965 755 2054 ἐφθέγξατο
779 1969 841 2051 τὴν
864 1968 969 2052 αὐτην
992 1966 1094 2052 λεἙιν,
1114 1967 1192 2032 ώστε

145 2070 287 2158 ἀμηδδν
314 2077 362 2140 ἔτι
388 2069 475 2140 εἶναι
501 2077 538 2142 τὸ
567 2074 764 2161 ἀμφίλογον.
809 2073 915 2161 ἡμὲν
939 2069 1002 2142 οὖν
1024 2075 1129 2160 βουλὴ
1152 2073 1193 2150 ώς

181 2176 272 2247 ταῦτ’
298 2182 422 2266 ἔμαθεν
446 2179 629 2266 ἐψηφίσατο
652 2185 775 2259 θυσίας
797 2183 899 2259 ἀλλος
921 2179 977 2248 καὶ
1001 2181 1192 2266 σεβασμούς,

182 2287 241 2364 οὓς
263 2286 306 2353 ἀν
329 2287 365 2353 οί
384 2297 452 2354 τών
471 2288 570 2375 ίερῶν
590 2285 743 2373 ἐξηγηταὶ
767 2289 941 2376 παραδῶσι
959 2284 1036 2354 καθ’
1060 2287 1191 2354 ἕκαστον

141 2409 168 2450 ²0
182 2394 255 2470 ἐτος
278 2392 448 2462 ἐπιτελεῖν.
493 2393 531 2460 αί
552 2389 589 2460 δέ
611 2405 766 2476 γυναῖκες
794 2392 831 2460 ἐν
858 2397 930 2462 ἔθει
957 2381 1246 2479 κατεστήσαντοιειι

181 2506 220 2584 τῇ
251 2507 308 2583 της
338 2500 457 2586 ίερείας
485 2499 689 2585 χρησάμεναι
718 2501 851 2586 γνώμη,
880 2509 925 2590 τῷ
954 2499 1064 2591 ξοάνῳ
1091 2501 1190 2589 τούτῳ

181 2608 263 2690 μήτε
281 2607 469 2691 στεφάνους
487 2603 671 2672 ἐπιτιθέναι
689 2610 770 2692 μήτε
788 2619 900 2694 χεῖρας
917 2595 1121 2695 προσφέρειν
1138 2631 1190 2691 γν-

180 2723 307 2797 νοιίκας,
330 2713 407 2780 ὅσαι
429 2709 595 2800 δευτέρων
614 2711 840 2802 ἐπειράθησαν
857 2713 986 2798 γάμων,
1009 2715 1071 2800 τὴν
1090 2711 1128 2781 δὲ
1148 2737 1190 2778 τι·

180 2819 247 2904 μην
278 2818 335 2885 καὶ
366 2822 550 2905 θεραπείαν
582 2818 686 2884 αὐτοῦ
717 2828 828 2886 πᾶσαν
864 2818 1094 2887 ἀποδεδόσθαι
1126 2829 1190 2894 ταῖς
1276 2891 1277 2896 1

139 2941 167 2982 ει
180 2927 365 3011 νεογάμοις.
411 2924 494 2992 ἀλλά
516 2922 592 3012 περὶ
610 2922 672 3011 μὲν
686 2927 819 2992 τούτων
838 2926 915 2992 οὔτε
935 2931 1118 3014 παρελθεῖν
1135 2927 1189 3008 τὴν

181 3030 358 3119 ἐπιχώριον
378 3031 526 3117 ίστορίαν
544 3035 653 3108 καλῶς
671 3026 771 3118 εἶχεν,
794 3032 870 3099 οὔτε
888 3036 1027 3100 πλείονα
1045 3031 1121 3121 περὶ
1137 3031 1189 3097 αὐ-

235 3257 489 3313 3*κοιτεσκεάοισοιν
501 3258 524 3313 0
539 3258 780 3314 κατεσκευάσαντο
790 3258 935 3330 Kiessling
947 3255 1185 3317 κατεσκευάσανθ’
1276 3231 1277 3298 f

180 3344 233 3398 ego
306 3333 322 3382 ὃ
341 3328 504 3402 γεγωνά<ς>
521 3329 545 3382 Β
618 3335 634 3384 7
653 3332 807 3403 δεδώκατε]
829 3328 962 3401 [ερώκατε
981 3349 1003 3387 ο.
1025 3331 1114 3388 Cobet
1126 3330 1185 3385 obs.

178 3403 279 3526 &166
356 3405 389 3454 12
403 3398 603 3522 ἑῷδοῶσαιΒ
682 3408 716 3456 21
736 3409 769 3473 τῇ
788 3401 894 3458 αάἀ.Β
972 3409 1006 3458 22
1027 3398 1185 3472 ἐπιτεθῆναι

224 3463 385 3526 ἐπιτιθέναι
431 3471 522 3526 udson
