2586 3972
519 225 687 274 -H-

91 379 245 466 ἁρπαγδις
266 385 470 467 τραπόμενοι
487 385 525 448 τδ
549 381 587 448 ἐν
604 386 718 474 κόσμῳ
735 407 771 448 τε
793 381 849 450 καὶ
871 382 960 463 τάξει
982 385 1113 470 ὑποχω-

30 497 167 573 Ῑιιορείυ
190 485 425 574 ἀφῃρέθησαν·
448 484 504 553 καὶ
527 488 591 573 γὰρ
609 486 709 574 <καὶ>
728 483 821 555 οὗτοι
844 489 1112 576 καταληφθέντες

90 593 158 659 ὑπὸ
189 603 258 660 τῶν
288 598 456 678 πολεμίων
486 595 522 659 οί
548 591 609 679 μὲν
639 593 842 681 ἐσφάγησαν,
872 595 908 662 οί
932 593 963 662 δ’
996 599 1112 682 αἰχμά-

90 705 194 766 λωτοι
221 699 430 785 ἐλῆφθησαν.
476 700 551 767 ὅσοι
583 696 621 766 δέ
653 703 781 768 τούτων
808 723 843 768 τε
871 699 926 768 καὶ
952 714 1020 769 τῶν
1047 703 1111 770 άπὸ

1 861 2 864 .
90 816 153 873 τοῦ
178 809 280 892 ὄρους
302 806 566 893 ἀπαραχθέντων
596 808 824 893 διεσώθησαν,
852 804 914 888 ὀψέ
940 818 998 894 τῆς
1025 811 1112 892 ὥρας
1139 833 1153 875 ι

1 897 2 952 ί
89 923 160 979 τῶν
185 911 312 980 ίππέων
335 914 448 992 αὐτοῖς
471 913 781 999 ἐπιβοηθησάντων,
803 914 959 1000 ἀπῆλθον
981 914 1034 982 ἐπὶ
1053 918 1112 982 τὸν

89 1021 230 1107 χάρακα.
276 1019 385 1086 ἐδόκει
413 1019 442 1087 τ’
469 1022 583 1099 αὐτοῖς
612 1019 840 1105 συλλαβέσθαι
869 1032 930 1088 τοῦ
957 1024 1002 1108 μῆ
1030 1039 1112 1088 πασ-

91 1124 172 1192 συδὶ
196 1129 430 1212 διαφθαρῆναι
452 1129 577 1214 χειμὼν
599 1131 704 1205 πολὺς
722 1127 755 1206 ἐξ
780 1129 928 1214 οὐρανοῦ
950 1152 1112 1214 καταρρα-

90 1231 164 1316 γείς
185 1230 242 1298 καὶ
265 1236 397 1317 σκότος,
425 1225 499 1302 οἷον
522 1232 560 1300 ἐν
582 1245 654 1311 ταῖς
669 1238 830 1320 »βαθείαις
853 1235 1003 1319 ὁμίχλαις
1025 1239 1113 1318 γίνε-

1 1347 2 1394 3
90 1362 163 1422 ται,
195 1339 213 1404 ὃ
241 1351 311 1417 τοῖς
339 1344 512 1425 πολεμίοις
538 1342 639 1406 ὄκνον
668 1349 725 1425 τῆς
753 1339 806 1406 ἐπὶ
833 1338 936 1406 πλέον
969 1340 1113 1418 διώξεως
1127 1367 1155 1408 ιο

1 1459 2 1550 ζ
89 1444 260 1532 παρέσχεν
287 1446 328 1513 οὐ
356 1444 558 1531 δυναμένοις
587 1448 628 1512 τὰ
656 1450 770 1534 πόρρω
797 1453 958 1532 καθορᾶν.
1008 1456 1048 1532 τῆ
1076 1443 1148 1521 δ’4

93 1551 236 1639 ἐπιούση
255 1551 351 1618 νυκτὶ
369 1551 557 1637 ἀναστήσας
574 1554 637 1637 τῆν
656 1555 813 1639 στρατιάν
832 1554 850 1620 ὁ
868 1553 993 1630 ύπατος
1008 1552 1113 1637 ἀπῆγε

91 1667 171 1744 σιγῆ
199 1655 256 1722 καὶ
279 1656 316 1724 ἐν
339 1661 469 1748 κόσμῳ,
486 1665 618 1725 λαθεῖν
646 1661 723 1736 τοὺς
749 1661 928 1744 πολεμίους
950 1660 1114 1742 προνοού-

91 1784 209 1850 μενος·
245 1763 300 1830 καὶ
333 1763 671 1848 κατεστρατοπέδευσε
704 1767 794 1851 παρὰ
824 1768 920 1831 πόλει
951 1763 1113 1852 λεγομένη

92 1873 253 1958 Λογγόλᾳ
280 1869 357 1957 περὶ
385 1872 500 1956 δείλην
523 1871 641 1955 ὀψίαν,
667 1873 818 1956 γήλοφον
842 1873 959 1938 ἱκανὸν
983 1870 1113 1957 ἐρύκειν
1127 1896 1154 1938 15

93 1981 173 2056 τοὺς
201 1976 355 2055 ἐπιόντας
382 1975 605 2062 ἐκλεξάμενος.
656 1980 742 2043 ἐνθα
768 1976 946 2062 ὑπομένων
972 1978 1051 2054 τούς
1078 2000 1113 2043 τε

93 2085 159 2151 ὑπὸ
187 2084 387 2169 τραυμάτων
413 2084 602 2168 κάμνοντας
627 2083 786 2150 ἀνεκτᾶτο
817 2086 1027 2169 θεραπείαις,
1058 2082 1114 2150 καὶ

2 2206 3 2235 λ
93 2193 173 2268 τοὺς
201 2188 454 2274 ἀδημονοῦντας
482 2188 535 2255 ἐπὶ
564 2197 603 2275 τῆ
626 2189 803 2279 παραδόξῳ
826 2199 887 2258 τοῦ
909 2190 1041 2267 πάθους
1064 2192 1114 2256 αί-

3 2287 4 2292 ¹
95 2299 203 2384 σχύνη
226 2298 530 2382 παραμυθούμενος
552 2295 770 2381 ἀνελάμβανε.

30 2420 93 2469 1717
160 2402 345 2470 LXXXVI.
368 2401 523 2487 Ῥωμαῖοι
542 2400 604 2489 μέν
620 2399 684 2470 οὖν
702 2403 740 2469 ἐν
757 2404 888 2480 τούτοις
906 2399 1006 2487 ἦσαν·
1028 2406 1114 2472 Οὐο-
1128 2429 1155 2470 ω

3 2521 5 2542 ¹
95 2517 235 2578 λοῦσκοι
257 2508 303 2595 δ’,
327 2509 439 2594 ἐπειδὴ
460 2509 564 2596 ἡμέρα
584 2508 614 2575 τ’
638 2507 843 2592 ἐγένετοκαὶ
866 2511 1017 2593 ἔγνωσαν
1036 2514 1114 2589 τοὺς

4 2657 5 2660 =
96 2620 276 2703 πολεμίους
294 2616 525 2694 ἐκλελοιπότας
541 2618 601 2682 τὸν
618 2616 757 2700 χάρακα,
777 2619 1021 2699 προσελθόντες
1039 2639 1115 2681 κατ-

97 2722 411 2810 εστρατοπέδευσαν.
448 2722 688 2797 σκυλεύσαντες
710 2717 747 2785 δὲ
765 2723 844 2797 τοὺς
861 2732 928 2786 τῶν
947 2725 1115 2805 πολεμίων

97 2833 237 2916 νεκροὺς
255 2828 311 2896 καὶ
329 2832 408 2906 τοὺς
424 2828 622 2913 ἡμιθνῆτας,
645 2819 696 2904 οἷς
715 2829 932 2910 σωθήσεσθαι
950 2825 1042 2903 ἐλπὶς
1061 2821 1115 2910 ῆν,

99 2936 294 3022 ἀνελόμενοι
321 2935 427 3020 ταφάς
458 2957 493 3000 τε
521 2932 740 3019 ποιησάμενοι
769 2943 837 2998 τῶν
865 2931 1035 3017 σφετέρων
1062 2955 1115 2997 νε-
1129 2955 1156 2996 25

171 3135 185 3182 1
206 3129 363 3200 ὑποχωρεῖν
381 3125 431 3182 ΑΟ
450 3127 608 3198 ἀποχωρεῖν
627 3126 650 3180 Β
731 3133 747 3181 2
767 3124 888 3195 καὶγὰρ
907 3123 956 3178 καλ
974 3119 1052 3178 οὗτοι
1070 3122 1117 3178 vel

101 3199 146 3253 καὶ
166 3195 245 3254 οὗτοι
263 3199 317 3270 γὰρ
337 3216 360 3254 ο.
380 3197 503 3268 Sylburg
521 3197 641 3268 καὶγὰρ
660 3193 739 3252 οὗτοι
758 3196 781 3252 Ο
864 3201 881 3249 4
900 3194 961 3250 ὅσοι
979 3193 1011 3250 δὲ
1031 3201 1117 3264 sup'ra

100 3269 148 3326 list
167 3271 214 3324 Bb
240 3275 244 3340 Ι
271 3271 327 3326 δπδ
346 3278 395 3324 τοῦ
415 3269 498 3340 ὅρους
515 3270 538 3323 Β
558 3269 608 3323 sed
627 3269 662 3323 cf.
682 3269 769 3323 Thuc.
788 3267 849 3336 VII,
865 3273 898 3324 63
972 3265 1117 3355 8δκα>-

102 3345 252 3412 φθαρῆναι
274 3341 297 3393 Β
393 3346 427 3394 13
452 3339 600 3466 <σι>γΞΒ
697 3347 731 3394 14
754 3338 833 3410 παρὰ
856 3337 938 3394 πόλιν
962 3341 1116 3407 λεγομενην

102 3411 268 3482 λογογγέλαν
287 3411 313 3466 Α
401 3419 435 3467 21
455 3409 481 3467 τ’
503 3411 539 3466 ad

104 3483 233 3546 ελθόντες
250 3483 277 3536 R

155 3583 253 3624 Dtouxs.
267 3583 330 3623 Eu..
340 3581 386 3622 111.
414 3591 453 3623 ιο.
467 3582 570 3634 mou,
922 3576 955 3625 17

562 3455 568 3469 .
587 3411 611 3466 Β
701 3418 735 3466 22
754 3408 960 3482 προσελθόντες
979 3409 1024 3464 Ba
1047 3427 1119 3479 προ-
