2674 3978
183 273 226 338 38
608 275 771 324 -ι-

184 435 281 521 χάριν
309 435 439 511 εἰδότας
465 442 535 512 τοῖς
562 440 672 518 θεοῖς,
700 433 750 500 ὅτι
779 432 840 500 οὐκ
867 438 983 498 εἴασαν
1010 431 1132 509 αὐτοὺς
1158 433 1201 498 τὰ

184 551 297 627 πρῶτα
318 541 620 623 πλεονεκτήσαντας
638 542 686 617 είς
706 540 747 604 τὰ
770 539 869 605 λοιπὰ
893 548 1093 625 σωφρονεῖν,
1116 537 1201 604 ἀλλά

183 647 308 731 ταύτην
326 645 486 732 ἐνέβαλον
505 646 618 724 αὐτοῖς
635 647 696 728 τήν
715 644 952 731 ἀναισχυντίαν
970 668 1005 710 τε
1023 642 1079 710 καὶ
1097 650 1202 711 πολυ-

182 753 436 840 πραγμοσύνην,
458 748 516 838 ὑφ’
542 747 581 836 ἠς
603 751 697 836 ὑμεῖς
719 748 985 835 ἀναγκασθέντες
1006 751 1046 816 τά
1068 748 1097 817 τ’
1119 751 1201 818 ἀπο-

157 879 170 922 ι
186 863 313 926 λωλότα
326 866 487 945 πειρᾶσθε
502 857 695 943 ἀναλαβεῖν,
708 855 763 924 καὶ
776 858 816 924 τδι
830 857 930 924 λοιπδι
945 855 988 922 δι’
1002 852 1041 941 ἠς
1054 866 1200 944 προσῆκε

183 971 333 1050 φυλακῆς
356 968 478 1050 λαβεῖν.

249 1069 390 1135 XXIIII.
414 1073 540 1157 Καιρὸς
558 1067 588 1136 δ’
612 1071 629 1138 ὁ
649 1071 765 1156 παρὼν
788 1061 858 1147 οἷος
880 1070 941 1156 οὐχ
964 1069 1085 1157 ἕτερος,
1107 1076 1200 1154 είτερ

182 1173 214 1259 γ’
237 1177 400 1262 ἀρχεσθαι
417 1173 550 1261 μέλλετε
569 1187 769 1263 σωφρονεῖν,
787 1174 825 1242 έν
843 1169 869 1265 ᾧ
889 1175 1069 1242 κεκάκωται
1088 1175 1200 1241 αὐτῶν

182 1285 220 1348 τὸ
243 1287 398 1348 πλεῖστον
421 1280 519 1370 μέρος
540 1284 607 1350 ὑπὸ
629 1293 690 1350 τοῦ
713 1289 829 1367 λιμοῦ,
856 1280 971 1348 καὶτὸ
995 1283 1112 1348 λοιπὸν
1136 1281 1199 1348 οὐκ

144 1411 170 1450 10
183 1387 225 1453 ἀν
253 1391 300 1453 ἔτι
329 1389 465 1455 δύναιτο
493 1393 601 1455 πολὺν
628 1389 797 1475 ἀντισχεῖν
819 1392 943 1475 χρόνον
969 1385 1025 1453 ὑπ’
1053 1387 1200 1474 ἀχρημα-

183 1498 272 1579 τίας,
309 1498 340 1560 εί
376 1500 536 1573 σπανίους
571 1519 606 1562 τε
640 1493 695 1562 καὶ
726 1499 835 1579 τιμίας
872 1497 942 1581 ἔχοι
973 1495 1031 1572 τδις
1062 1493 1198 1582 ἀγοράς·

184 1599 497 1686 ἀναγκασθήσονται
525 1597 555 1666 δ’
582 1601 618 1668 οί
643 1598 705 1686 μὲν
727 1601 876 1667 κάκιστοι
898 1599 954 1666 καί
977 1598 1136 1667 οὐδέποτε
1159 1609 1278 1686 τῇιοθτ

183 1705 417 1794 ἀριστοκρατίᾳ
438 1711 610 1794 χαίροντες
633 1707 778 1774 έκλιπείν
801 1710 862 1791 τήν
884 1709 995 1791 πόλιν,
1018 1707 1054 1772 οί
1074 1704 1104 1772 δ’
1130 1706 1202 1773 ἑπι-

183 1811 361 1899 εικέστεροι
374 1815 610 1880 πολιτεύεσθαι
628 1817 772 1898 κοσμίως
790 1810 899 1898 μηθὲν
918 1817 965 1878 ἔτι
986 1812 1202 1899 ἐνοχλοῦντες

144 1902 273 2016 Ξὺμίν.
309 1920 366 1997 τάς
388 1917 416 1985 τ’
444 1915 507 1986 οὖν
529 1919 654 2007 ἀγορὰς
683 1921 739 1985 διὰ
761 1925 912 2005 φυλακῆς
934 1923 1038 2006 ἔχετε,
1065 1917 1121 1986 καὶ
1142 1927 1201 2003 τής

182 2034 279 2110 τιμής
304 2037 371 2092 τῶν
399 2026 509 2092 ὠνίων
537 2023 646 2112 μηθὲν
673 2026 797 2111 ἀνίετε,
828 2023 901 2092 ἀλλ’
932 2027 1014 2092 ὅσου
1041 2029 1200 2092 πλείστου

182 2128 262 2198 ποτε
280 2127 323 2215 ἠν
341 2133 381 2197 τὰ
400 2134 493 2217 ὥνια,
512 2135 673 2200 τοσούτου
692 2131 746 2198 καὶ
765 2141 830 2198 νῦν
849 2132 933 2198 αὐτὰ
950 2138 1074 2198 πωλεῖν
1095 2135 1200 2218 ψηφί-

184 2244 289 2304 σασθε
309 2240 438 2317 δικαίας
456 2238 608 2326 ἀφορμὰς
627 2243 757 2324 ἔχοντες
770 2236 825 2304 καὶ
843 2239 1025 2325 προφάσεις
1039 2237 1201 2322 εὐλόγους

183 2345 244 2427 τήν
266 2341 295 2408 τ’
322 2342 501 2429 ἀχάριστον
523 2355 585 2412 τοῦ
608 2345 716 2430 δήμου
739 2346 923 2429 καταβοήν,
953 2345 997 2421 ὡς
1019 2341 1077 2429 ὑφ’
1103 2344 1199 2428 ἡμῶν

143 2471 171 2510 το
184 2454 504 2534 κατασκευασθείσης
526 2459 583 2535 τής
606 2453 785 2535 σιτοδείας,
809 2450 830 2534 ἠ
854 2451 910 2516 διδ
932 2452 994 2533 τήν
1016 2450 1199 2516 ἀπόστασιν

183 2556 244 2639 τήν
267 2553 404 2620 ἐκείνων
432 2554 561 2639 ἐγένετο
589 2554 644 2621 καὶ
671 2558 733 2641 τήν
761 2556 996 2642 καταφθοράν,
1022 2556 1065 2640 ἠν
1089 2555 1201 2641 έποιή-
1326 2623 1327 2632 ,

184 2677 300 2745 σαντο,
327 2670 384 2744 τής
411 2669 487 2744 γής,
516 2662 653 2745 ἄγοντες
679 2662 784 2746 αὐτήν
811 2661 867 2728 καὶ
898 2660 1056 2749 φέροντες
1088 2663 1198 2750 ὥσπερ

183 2771 360 2852 πολεμίαν,
387 2764 442 2832 καὶ
469 2767 526 2844 τὰς
553 2765 778 2853 ἐξαιρεθείσας
808 2768 844 2834 έκ
871 2779 932 2835 τοῦ
954 2770 1117 2854 δημοσίου
1141 2769 1200 2834 δα-

182 2874 289 2951 πάνας
306 2876 354 2951 είς
373 2877 451 2950 τοὺς
472 2871 716 2951 ἀποσταλέντας
734 2872 787 2940 ἐπὶ
805 2876 866 2957 τήν
885 2879 1044 2942 σιτωνίαν
1061 2876 1199 2963 ἀνδρας,

142 2998 171 3040 ετ
184 2977 239 3044 καὶ
263 2981 346 3045 ἀλλα
369 2980 476 3046 πολλά
498 2977 577 3064 τιν’,
601 2980 622 3046 ἀ
644 2979 806 3065 ἠδίκησθε
829 2979 885 3048 ὑπ’
912 2981 1034 3048 αὐτῶν·
1065 2983 1121 3048 ἵνα
1143 2979 1200 3048 καί

256 3234 321 3294 8ἐ
341 3256 395 3294 om.
414 3244 439 3295 A
494 3247 527 3296 10
546 3245 649 3298 δοῦναι
667 3243 742 3299 τδΑ
803 3250 834 3298 11
855 3221 1020 3299 είσσπιινίουσ
1039 3247 1062 3298 Α
1082 3241 1199 3368 είχχσπα-

184 3310 262 3391 νίονς
376 3317 409 3366 13
428 3309 654 3386 χ<αί>ροντεςΒ
732 3319 765 3368 15
783 3314 833 3378 τάς
851 3324 920 3384 γοῦν
939 3314 1044 3384 ἀγορὰς
1062 3331 1085 3371 ο.
1131 3315 1200 3370 iess-
1324 3335 1325 3352 ι

184 3381 245 3450 hng
319 3385 351 3435 17
370 3385 578 3452 ψηφίσεαθεΑ
649 3391 684 3440 26
703 3385 802 3440 *ἀλλα
820 3384 908 3441 πολλὰ
926 3385 1066 3456 ἠδίκησθε
1087 3389 1110 3440 Α
1129 3385 1201 3440 ἀλλά

184 3470 249 3506 τινα
266 3451 449 3578 ἠδικήθ<αιέ
467 3454 489 3507 Β
517 3456 586 3511 ἀλλα
604 3455 693 3511 πολλοί
711 3455 766 3512 τιν’
787 3456 806 3512 δι
824 3457 963 3527 ἠδίκησθε
982 3473 1035 3527 ego
1065 3461 1070 3528 Ι
1095 3458 1143 3512 ἵνα
1163 3457 1199 3527 δὴ

185 3523 234 3578 καλ
252 3531 361 3594 γνῶμεν
380 3541 403 3579 ο.
450 3525 526 3581 eiske
