2656 3974
592 243 759 295 ..(ι)-

165 403 227 493 μὲν
250 402 320 473 οὔτ’
343 403 439 472 αὐτοὶ
462 404 667 490 ἐψηφίσαντο
690 401 831 489 πέμπειν
854 405 931 471 οὔτε
949 409 1107 484 Λατίνοις
1129 407 1187 473 ἐπ-

166 512 308 599 έτρεψαν
341 511 485 597 ἐξάγειν,
516 512 721 598 πρεσβευτάς
753 507 782 577 δ’
815 508 968 596 ἑλόμενοι
999 523 1103 601 τρεῖς,
1136 509 1187 580 ὧν

165 620 277 705 ἡγεῖτο
296 623 440 697 Κόιντος
459 619 588 704 Φάβιος
610 619 628 686 ὁ
652 619 709 696 τὰς
731 619 814 704 πρὸς
836 621 873 685 τὸ
893 620 995 698 ἔθνος
1013 623 1187 705 συνθήκας

164 727 398 812 ποιησάμενος,
420 723 659 812 <ἀπέστειλαν>
679 724 816 803 ἐντολάς
834 724 948 804 αὐτοῖς
966 728 1082 804 δόντες
1098 747 1185 793 πυν-

140 833 335 899 ιθάνεσθαι
366 833 456 917 παρὰ
482 843 549 898 τῶν
576 830 774 916 ἡγουμένων
801 841 862 898 τοῦ
889 834 1028 917 ἐδνονς,
1060 835 1185 918 πότερα

165 947 262 1025 κοινή
290 941 403 1025 γνώμῃ
425 940 466 1004 τά
488 941 649 1024 λῃστήρια
672 937 969 1017 ἐξαποστέλλουσιν
993 945 1041 1017 είς
1063 963 1098 1005 τε
1120 942 1184 1025 τήν

165 1056 232 1111 τῶν
257 1045 438 1132 συμμάχων
461 1043 516 1110 καί
539 1047 588 1123 είς
609 1045 671 1128 τήν
694 1055 762 1110 τῶν
779 1041 949 1130 Ῥωμαίων
971 1055 1037 1132 γῆν
1050 1081 1095 1094 --
1113 1045 1183 1130 ἐγέ-

165 1177 266 1220 νοντο
289 1154 353 1239 γάρ
375 1175 464 1231 τινες
485 1150 541 1218 καί
563 1154 611 1230 είς
633 1153 738 1236 αὐτήν
761 1151 967 1241 καταδρομαὶ
989 1165 1057 1219 τῶν
1075 1154 1184 1239 φυγά-

166 1261 235 1325 δων
261 1297 299 1308 -
325 1259 345 1345 ή
375 1270 443 1326 τῶν
472 1257 708 1346 πραττομένων
737 1260 876 1337 οὐδενός
905 1259 975 1326 ἐστι
1001 1262 1039 1326 τὸ
1066 1263 1184 1327 κοινὸν

125 1389 152 1430 το
166 1372 287 1432 αίτιον·
315 1364 371 1432 καὶ
394 1365 453 1432 ἐὰν
476 1377 585 1452 φῶσιν
609 1367 754 1432 ἰδιωτῶν
777 1369 858 1452 ἔργα
879 1361 967 1432 εἶναι
989 1367 1034 1452 μή
1058 1365 1181 1452 ἐπιτρέ-

164 1483 290 1551 ψαντος
311 1484 373 1541 τοῦ
395 1475 517 1560 δήμου,
538 1473 579 1539 τά
595 1470 633 1538 δ’
651 1471 845 1558 ἡρπασμένα
863 1471 1013 1540 ἀπαιτεῖν
1030 1471 1183 1552 καὶτοὺς

127 1577 410 1665 4ἐργασαμένονς
441 1580 644 1665 τάδικήματα
676 1578 835 1658 ἐκδότους
868 1581 1010 1663 [αίτεϊν].
1063 1579 1254 1666 &mmo-1913

164 1684 274 1770 μένων
298 1682 336 1752 δέ
358 1697 426 1753 τῶν
448 1689 672 1773 πρεσβευτῶν
686 1685 886 1764 ἀκούσαντες
907 1689 986 1764 τοὺς
1008 1688 1130 1770 λόγους
1149 1687 1185 1752 οί

163 1790 307 1859 Αἰκανοί
338 1797 480 1877 πλαγίας
510 1793 624 1872 αὐτοῖς
656 1795 778 1860 ἔδοσαν
810 1792 1018 1879 ἀποκρίσεις,
1050 1796 1087 1861 τὸ
1120 1791 1181 1879 μὲν

124 1920 150 1962 15
165 1902 264 1986 ἔργον
283 1899 345 1967 οὐκ
363 1899 427 1966 ἀπὸ
446 1909 559 1985 κοινῆς
576 1899 730 1985 λέγοντες
747 1900 881 1986 γνώμης
898 1898 1085 1986 γεγονέναι,
1102 1903 1183 1979 τοὺς
1294 1911 1297 1917 ’

165 2003 203 2071 δὲ
226 2007 413 2093 δράσαντας
435 2007 497 2073 οὐκ
520 2006 689 2086 ἀξιοῦντες
711 2006 897 2093 ἐκδιδόναι,
924 2009 1023 2073 πόλιν
1046 2005 1073 2072 τ’
1102 2006 1183 2074 ἀπο-

164 2117 347 2192 λωλεκότας
368 2111 424 2180 καὶ
446 2113 570 2200 ἀλήτας
591 2117 771 2199 γεγονότας
793 2125 889 2200 σφῶν
910 2111 939 2178 τ’
962 2112 999 2180 ἐν
1021 2122 1061 2200 τῇ
1084 2117 1182 2203 πενία

128 2223 149 2288 5
164 2217 280 2297 ίκέτας.
312 2215 364 2305 ἐφ’
383 2211 433 2300 οἷς
451 2221 470 2288 ὁ
486 2221 614 2306 Φάβιος
628 2220 823 2305 ἀγανακτῶν
836 2216 892 2286 καὶ
905 2222 964 2298 τδς
976 2224 1183 2301 ψευσθείσας

163 2327 246 2412 πρὸς
268 2325 379 2393 αὐτῶν
403 2328 580 2412 ὁμολογίας
602 2327 884 2412 ἀνακαλούμενος,
906 2328 951 2405 ἀς
974 2323 1064 2394 εἶδεν
1086 2329 1181 2414 είροι-

124 2453 150 2494 1ο
164 2429 367 2515 νευομένονς
392 2437 470 2512 τοὺς
492 2437 663 2513 Αἰκανοὺς
683 2432 740 2500 καὶ
762 2436 810 2512 είς
832 2435 960 2519 βουλήν
982 2436 1108 2520 χρόνον
1131 2436 1180 2499 αί-

163 2536 347 2624 τονμένονς
382 2539 539 2626 ξενισμοῦ
575 2564 609 2606 τε
643 2541 742 2630 χάριν
778 2538 1028 2628 ἐπικατέχοντας
1065 2539 1180 2626 αὐτόν,

162 2642 321 2729 ὑπέμεινέ
347 2669 383 2711 τε
414 2657 633 2714 κατοπτεῦσαι
666 2649 707 2714 τά
738 2647 776 2714 ἐν
808 2656 847 2733 νή
878 2649 973 2713 πόλει
1005 2647 1180 2733 πράγματα

162 2755 380 2837 βουλόμενος·
403 2749 459 2817 καὶ
482 2750 614 2831 διεξιὼν
634 2753 763 2818 ἅπαντα
786 2755 889 2819 τόπον
909 2753 992 2819 κατὰ
1009 2756 1180 2840 πρόφασιν

234 3022 248 3070 1
272 3017 359 3072 verba
381 3014 446 3070 inde
470 3014 507 3070 ab
531 3009 690 3087 ἐπέτρεψαν
713 3033 803 3084 usque
822 3017 858 3072 οδ
876 3021 951 3088 τρεῖς
969 3032 1023 3072 om.
1042 3015 1090 3070 Ba
1161 3023 1177 3071 2

162 3080 300 3159 ἑλόμενοι]
326 3085 457 3157 ἔπεμψαν
481 3103 504 3144 ο.
523 3086 638 3156 Portus,
661 3085 829 3143 ἀπέστειλαν
846 3089 912 3159 post
928 3085 1119 3158 ποιησάμενος
1136 3087 1177 3141 in-

161 3159 310 3213 serendum
333 3175 392 3213 esse
417 3175 440 3213 ο.
461 3157 584 3214 Sintenis
608 3159 669 3214 Em.
691 3159 772 3214 Dion.
791 3158 867 3214 1Π6
967 3165 983 3213 6
1007 3156 1047 3221 εἰς
1070 3158 1135 3213 add.
1154 3157 1176 3211 B

162 3235 194 3283 12
218 3224 376 3292 *ἐκδότους
394 3226 484 3284 αίτείν
503 3228 526 3284 Ο
550 3225 572 3285 ἐ.
591 3232 767 3304 παραλαβεῖν
786 3247 810 3286 ο.
829 3229 945 3299 Βοίελτσ,
970 3224 992 3285 ἐ.
1011 3229 1091 3353 άήειν
1117 3228 1175 3285 sin-

159 3299 234 3354 tenis
256 3301 317 3355 Em.
336 3300 418 3356 Dion.
437 3299 512 3356 1116
536 3299 626 3357 αἰτεῖν
648 3300 742 3358 delevi
837 3306 870 3356 13
894 3298 924 3358 ολ
944 3300 1009 3356 add.
1144 3306 1176 3354 11

159 3369 269 3434 πλάνας
287 3373 310 3428 Β
330 3372 335 3445 1
356 3370 546 3446 ἐδ<ο>σανΒ
633 3379 666 3427 17
687 3367 718 3428 ἐν
736 3377 774 3427 τῶ
792 3372 881 3428 πεδία
901 3372 924 3428 Ο
945 3366 976 3428 ἐν
994 3379 1028 3444 τῇ
1047 3373 1134 3447 πενίᾳ
1152 3388 1175 3427 ο.

160 3442 285 3497 Sintenis
303 3442 363 3498 Em.
382 3443 464 3499 Dion.
484 3443 497 3496 Ι
515 3450 550 3500 28
661 3451 693 3500 19
715 3427 785 3515 πρδς
803 3427 889 3500 αότδν
910 3443 932 3498 0
952 3443 1023 3516 πρὸς
1040 3444 1134 3500 αὐτῶν
1152 3459 1175 3498 ο.

162 3511 285 3580 Sylburg
358 3520 392 3568 23
411 3514 505 3568 τόπων
523 3514 570 3568 Ba
