2586 3972
87 272 239 358 ’ωε
498 296 766 352 -.-Θ-

176 458 334 542 στρατιάν
370 456 538 542 κατέλαβε.
589 460 776 541 πιεζόμενοι
808 458 876 540 γάρ
895 465 943 541 Ιτῇ
975 455 1095 521 σπάνει
1127 467 1196 520 τῶν

169 564 367 648 ’ἀναγκαίων
395 564 430 630 ολ
454 561 646 660 κατέχοντες
672 566 732 629 τὸν
759 565 867 648 λόφον
890 559 1046 648 ἐξῆλθον
1068 561 1113 638 ὡς
1136 564 1195 627 τὸν

65 660 67 666 ’
99 689 102 694 ’
176 669 439 756 εὐπρεπέστατον
461 671 676 755 αἱρησόμενοι
698 679 765 734 τῶν
788 669 964 752 θανάτων,
982 667 1042 734 καὶ
1067 671 1195 752 συμβα-

176 780 291 853 λόντες
315 776 761 867 τοίςπολεμίοιςιέμάγοντο
784 778 979 860 κεκμηκότες
1002 775 1039 840 οί
1058 778 1195 850 πλείους

149 884 216 947 ετά
247 883 381 966 σώματα
411 887 495 970 λιμῶ
525 905 560 948 τε
591 881 645 948 καὶ
676 884 758 968 δίψη
787 879 843 947 καὶ
873 880 1041 968 ἀγρυπνίᾳ
1069 879 1125 946 καὶ
1152 890 1217 965 τῇ

140 989 260 1072 6άλλη
289 989 439 1053 κακώσει.
485 985 554 1072 μετ’
584 988 741 1064 οὐπολὺ
771 984 801 1054 δ’
832 989 877 1064 ὡς
905 990 942 1053 τὸ
970 997 1031 1053 τοῦ
1059 990 1265 1072 Φαβίουειττ

175 1094 361 1179 στράτευμα
383 1096 525 1178 προσιὸν
548 1095 647 1179 ῶφθη
670 1095 764 1162 πολύ,
780 1118 814 1159 τε
837 1091 893 1159 καὶ
916 1091 1195 1177 συντεταγμένον,

173 1201 303 1285 θάρσος
329 1196 391 1284 μὲν
419 1203 515 1284 ἔφερε
538 1211 608 1295 τοῖς
631 1198 818 1286 σφετέροις,
845 1197 921 1276 δέος
945 1195 983 1264 δὲ
1004 1210 1074 1276 τοῖς
1096 1204 1196 1265 πολε-

176 1311 277 1392 μίοις·
310 1305 367 1372 καὶ
394 1307 430 1372 οί
459 1304 626 1391 Τυρρηνοὶ
653 1304 764 1372 οὐκέτι
791 1304 965 1390 ἀξιόμαχοι
988 1299 1075 1396 εἶναι
1098 1310 1197 1388 νομί-

136 1438 162 1477 10
177 1408 293 1492 σαντες
315 1415 398 1499 πρὸς
421 1412 555 1496 ἀγαθήν
577 1410 685 1480 τεκαὶ
704 1411 831 1506 ἀκμῆτα
850 1412 995 1496 δύναμιν
1014 1413 1061 1488 είς
1080 1411 1197 1495 ἀγῶνα

175 1533 311 1607 χωρεῖν,
340 1519 467 1608 ᾤχοντο
495 1517 684 1595 ἐκλιπόντες
710 1521 788 1594 τοὺς
815 1519 967 1603 χάρακας.
1013 1518 1058 1594 ὡς
1086 1515 1117 1583 δ’
1148 1522 1199 1596 είς

2 1689 9 1700 ,
52 1673 54 1678 -
85 1653 87 1658 ’
177 1627 277 1691 ταύτὸ
301 1631 475 1709 συνῆλθον
493 1625 531 1688 αί
546 1635 613 1690 τῶν
626 1621 795 1708 Ῥωμαίων
815 1623 976 1708 δυνάμεις
997 1618 1198 1710 ἀμφότεραι,

66 1806 69 1812 ,
115 1765 116 1770 ’
158 1727 402 1819 Ιστρατόπεδόν
432 1755 478 1796 τε.
497 1741 671 1796 ποιοῦνται
701 1729 785 1813 μέγα
811 1734 954 1814 πλησίον
982 1737 1045 1813 τῆς
1066 1735 1200 1809 πόλεως

176 1838 213 1905 ἐν
237 1835 436 1926 εἠυρῶ,καὶ
458 1838 582 1914 πολλάς
604 1835 727 1923 ἡμέρας
748 1837 868 1902 αὐτόθι
888 1838 1121 1922 διατρίψαντες
1139 1838 1198 1904 καὶ

136 1970 162 2010 ιι
175 1948 237 2031 την
269 1945 408 2030 ἀρίστην
445 1954 511 2009 τῶν
545 1937 759 2008 Οὐιεντανῶν
785 1944 902 2028 Ιχώραν
935 1948 1200 2028 λεηλατήσαντες

143 2052 308 2137 Ἰάπηγον
340 2048 390 2116 ἐπ’
418 2057 512 2116 οίκου
545 2051 606 2133 την
638 2040 815 2133 στρατιάν(
851 2049 895 2125 ὡς
922 2047 952 2114 δ’
982 2051 1136 2132 ἔγνωσαν
1164 2052 1202 2117 οἱ

178 2155 376 2224 Οὐιεντανοὶ
398 2157 456 2233 τάς
479 2156 637 2240 δυνάμεις
659 2166 726 2223 τῶν
740 2154 909 2240 Ῥωμαίων
932 2155 1113 2240 ἀφειμένας
1131 2157 1200 2224 άπὸ

176 2277 244 2330 τῶν
273 2275 439 2348 σημαιῶν,
466 2262 527 2344 τὴν
555 2263 702 2340 εὔζωνον
725 2261 948 2346 ἀναλαβόντες
969 2266 1126 2356 νεότητα,
1154 2265 1200 2347 ἥν

176 2367 204 2434 τ’
228 2368 322 2435 αὐτοὶ
345 2367 611 2452 συντεταγμένην
634 2363 726 2453 εἶχον
748 2366 804 2434 καί
826 2370 887 2451 την
910 2370 1002 2454 παρά
1022 2379 1090 2434 τῶν
1113 2375 1201 2454 πλη-

140 2502 166 2541 νο
180 2477 353 2561 σιοχόνρων
374 2473 565 2559 παροῦσαν,
593 2473 817 2559 ἐμβάλλωσιν
841 2476 889 2551 είς
910 2475 950 2539 τδι
973 2481 1201 2562 προσκείμενα

178 2592 217 2669 τῇ
246 2580 390 2669 σφετέρη
417 2583 508 2668 χάρη
536 2583 650 2664 πεδία,
677 2579 733 2646 καὶ
761 2577 979 2667 διαρπάζουσι
1002 2587 1140 2667 καρπῶν
1163 2609 1200 2650 τε

99 2703 101 2708 ’
177 2688 233 2755 καὶ
252 2688 472 2774 βοσκημάτων
490 2686 545 2753 καὶ
564 2686 756 2774 ἀνθρώπων
769 2689 851 2753 όντα
868 2687 978 2772 μεστά.
1011 2693 1202 2774 κατέβησαν

177 2798 241 2882 γάρ
266 2797 301 2862 ἐκ
324 2806 391 2861 τῶν
415 2791 588 2880 ἐρυμάτων
607 2797 643 2861 οί
663 2794 919 2881 γεωργοὶηιλοῦ
936 2818 971 2860 τε
991 2806 1058 2861 τῶν
1077 2787 1201 2882 βοσκη-

178 2903 290 2987 μάτων
318 2901 415 2967 ἕνεκα
441 2899 496 2966 καὶ
520 2900 674 2986 ἐργασίας
697 2913 763 2967 τῶν
786 2901 899 2988 ἀγρῶν
921 2904 1136 2980 πιστεύοντες
1157 2913 1270 2988 τηιπε

57 3079 59 3084 ,
115 3073 117 3078 ,
137 3035 163 3075 ω
178 3007 321 3096 σφετέρα
343 3016 480 3096 στρατιᾷ
498 3005 735 3094 προκαθημένη
755 3006 810 3072 καλ
829 3008 870 3074 οὐ
888 3008 1081 3094 φθάσαντες
1099 3007 1200 3076 ἀπελ-

155 3136 158 3142 ·
177 3117 307 3198 θούσης
325 3113 618 3180 ἀνασκευάσασθαι
636 3115 749 3198 πάλιν,
768 3115 829 3180 οὐκ
847 3113 1039 3192 ἐλπίσαντες
1053 3127 1202 3183 τοσαῦτα

250 3273 350 3335 στοις
369 3250 474 3340 mm
492 3271 539 3325 Βε
610 3273 718 3343 παρη
737 3271 759 3324 Β
780 3271 957 3340 ειψειιιεε.
974 3273 1105 3338 1x21‚2
1184 3281 1201 3328 s
1286 3251 1290 3260 '

178 3341 286 3414 ἔφερον,
300 3343 325 3395 Α
403 3348 443 3404 16,
458 3340 662 3414 τηνιστρατιάν
682 3342 736 3399 del.
755 3341 900 3412 Kiessling
936 3349 939 3356 '
973 3347 1007 3396 18
1029 3351 1156 3411 σημειῶν
1177 3349 1201 3398 A

178 3417 299 3484 σημείων
319 3415 340 3472 Β
361 3421 365 3480 Ι
386 3413 519 3487 λαβόντες
537 3416 562 3467 Α
622 3417 656 3467 19
676 3414 772 3476 αὐτοῖς
789 3413 836 3468 Ba
897 3420 932 3468 λθ
951 3412 1202 3478 ἀνασκευάσαντες

178 3485 229 3538 ΑΟ
253 3485 506 3539 ἀνασκευάσασθαι
529 3483 632 3554 BCmg
655 3486 740 3555 Ιοόκ
763 3480 969 3554 ἀλπίσαντεςΑ
994 3485 1044 3539 σόκ
1063 3483 1101 3538 διν
1121 3481 1202 3541 ἐλπί-

179 3572 277 3617 σαντες
296 3557 318 3608 Β
338 3553 400 3608 οὐδ’
419 3551 455 3608 ἀλ.
475 3553 619 3627 Kiessling
808 3569 811 3576 ’
