2656 3974
560 219 730 272 ..Θ-

136 384 266 450 δπλίσει
280 383 362 468 πρὸς
380 383 505 467 άνδρας
524 381 584 446 ὅλα
602 381 643 446 τά
662 382 796 465 σώματα
815 382 950 466 ἔχοντας
970 379 1006 446 έν
1020 385 1152 466 φυλακῇ

137 489 295 574 ἐποίησάν
313 513 348 555 τε
367 491 511 565 πολλοὺς
529 499 596 554 τῶν
610 485 788 572 Ῥωμαίων·
800 490 942 572 νεκροὺς
959 485 1014 553 καί
1031 497 1154 573 μικροῦ

138 594 278 680 ἐδέησαν
305 594 343 661 ἐν
371 595 528 683 ἀλλοτρίᾳ
556 603 597 680 νῇ
625 594 891 680 καταληφθέντες
918 597 1059 680 τρόπαια
1085 604 1154 658 τῶν

101 702 311 774 4έλθόντων
334 699 387 767 ἐπὶ
408 711 495 786 σφᾶς
513 701 635 778 αὐτοὺς
653 699 845 784 ἀναστῆσαι.
883 698 954 766 ἀλλ’
977 701 995 766 ὅ
1018 698 1049 784 γ’
1070 700 1154 766 ὕπα-

110 832 193 886 ετος
216 807 330 874 καλοί
350 811 415 875 σὺν
438 808 526 895 αὐτῷ
546 805 715 892 Ῥωμαίων
740 808 848 884 ἱππεῖς
870 806 1048 892 ἐπίλεκτοι,
1074 805 1230 891 ἀχά-1929

139 917 291 992 λινώτοις
309 913 527 991 ἐπελάσαντες
545 923 615 990 τοῖς
633 914 746 990 ἵπποις
759 913 842 979 κατά
855 916 892 979 τὸ
906 914 1154 1000 καρτερώτατόν

137 1044 172 1087 τε
195 1019 251 1086 καί
274 1022 392 1106 άριστα
415 1021 605 1104 μαχόμενον
628 1019 739 1084 αὐτῶν
762 1016 876 1105 μέρος,
905 1019 1069 1085 διαστῶσι
1092 1021 1154 1104 την

137 1126 230 1206 τάξιν
262 1123 318 1192 καὶ
349 1126 593 1210 καταβάλλουσι
628 1126 780 1210 συχνούς.
828 1124 1084 1212 διαφθαρέντων
1116 1121 1156 1191 δὲ

138 1245 205 1300 τῶν
232 1232 412 1320 προμάχων
440 1229 495 1297 καὶ
517 1232 538 1316 ἡ
562 1231 661 1315 λοιπὴ
685 1232 828 1316 δύναμις
851 1230 1076 1317 ἀποτραπεῖσα
1101 1231 1117 1298 ἐ
1139 1273 1154 1282 -

98 1363 125 1403 10
139 1339 268 1407 ἔκλινεν
295 1341 343 1416 είς
370 1340 499 1424 φυχην,
527 1339 563 1405 οἵ
586 1361 621 1403 τε
644 1339 867 1424 φυλάττοντες
888 1339 947 1416 τάς
969 1336 1156 1416 άποσκεοδς

138 1445 316 1533 μεθέμενοι
353 1445 464 1511 αὐτῶν
500 1443 653 1522 άπιόντες
686 1442 812 1533 ᾤχοντο
844 1443 909 1510 άνδι
939 1444 980 1510 τά
1011 1448 1155 1528 πλησίον

138 1557 210 1640 ὅρη.
247 1550 317 1619 κατ’
340 1553 442 1618 αὐτὸν
465 1547 527 1636 μὲν
551 1545 695 1617 οὖντὸν
719 1549 832 1634 ἀγῶνα
855 1551 963 1634 ὀλίγοι
985 1547 1074 1628 τινές
1096 1552 1156 1617 αὐ·

138 1672 206 1727 τῶν
234 1659 483 1745 διεφθάρησαν,
512 1655 548 1722 έν
576 1653 613 1722 δὲ
640 1665 679 1742 τῇ
703 1665 795 1742 φνχη
818 1657 907 1723 πάνυ
929 1661 1064 1743 πολλοί,
1091 1658 1156 1744 χώ-

139 1791 200 1853 ρας
231 1763 260 1832 τ’
295 1766 426 1848 άπειροι
459 1765 552 1840 ὄντες
582 1761 637 1829 καὶ
670 1763 735 1828 ὑπὸ
766 1773 825 1848 τῆς
851 1760 1020 1848 Ῥωμαίων
1051 1766 1156 1832 ἵππον

99 1893 127 1935 ιε
141 1875 348 1958 διωκόμενοι.

205 1977 322 2044 LXVI.
347 1974 404 2042 Ἐν
428 1969 454 2066 ᾧ
479 1972 516 2041 δὲ
539 1974 629 2042 ταῦτ’
653 1975 780 2060 ἐγίνετο
803 1980 926 2072 χρόνῳ,
948 1975 1158 2062 πεπυσμένος

11 2113 12 2148 ι
140 2088 256 2170 άτερος
273 2095 340 2150 τῶν
359 2083 495 2148 ὑπάτων
509 2083 673 2169 Σερούιος
692 2081 746 2148 ἐπὶ
765 2086 929 2168 βοήθειαν
948 2083 1038 2172 αὐτῷ
1053 2099 1157 2168 προσ-

11 2151 12 2194 ¹
140 2194 234 2259 ιόντα
263 2194 322 2257 τὸν
351 2190 542 2256 συνύπατον
571 2190 699 2274 δείσας,
729 2190 774 2274 μὴ
802 2190 1037 2274 ὑπαντήσωσιν
1065 2190 1156 2278 αὐτῷ

140 2299 176 2364 οί
209 2296 362 2382 πολέμιοι
395 2294 450 2362 καὶ
483 2297 692 2362 διακλείσωσι
724 2305 781 2380 τῆς
812 2299 895 2383 πρὸς
926 2296 1028 2362 αὐτὸν
1061 2297 1157 2379 ὁδοῦ,

12 2391 14 2464 λ
100 2427 127 2467 ει
139 2413 304 2491 περισπᾶν
332 2403 453 2480 αὐτοὺς
480 2403 640 2469 διενοεῖτο
668 2404 857 2489 προσβολάς
883 2404 1084 2488 ποιούμενος
1110 2412 1233 2490 τῷιοοο

13 2544 15 2584 3
104 2518 126 2582 2
141 2511 269 2598 χάρακι.
297 2508 380 2575 άλλά
399 2511 461 2596 γάρ
480 2509 673 2595 φθάσαντες
691 2510 794 2575 αὐτὸν
810 2510 845 2574 οί
860 2507 1023 2594 πολέμιοι,
1041 2508 1155 2593 ἐπειδὴ

13 2649 17 2708 4
142 2620 293 2702 ἔγνωσαν
316 2618 377 2701 τὴν
400 2617 577 2702 συμφοράν
600 2627 667 2682 τῶν
687 2613 868 2703 σφετέρων,
890 2616 933 2700 ἣν
952 2615 1156 2699 ἀπήγγειλαν

142 2724 177 2788 οί
197 2719 438 2806 περισωθέντες
462 2721 497 2786 ἐκ
520 2730 578 2807 της
599 2731 786 2807 προνομῆς,
809 2723 968 2800 λύσαντες
990 2721 1051 2804 την
1073 2742 1157 2807 παρ-

141 2829 287 2914 εμβολὴν
316 2827 352 2893 έν
379 2837 418 2914 τη
445 2830 557 2916 πρώτη
585 2827 682 2894 νυκτὶ
707 2828 787 2913 μετά
810 2830 872 2913 την
894 2828 1002 2913 μάχην
1025 2829 1072 2905 είς
1094 2828 1156 2910 την

102 2957 129 2999 ιε
142 2937 241 3000 πόλιν
261 2933 403 3019 ἀπῆραν,
425 2934 486 3019 οὐχ
506 2935 635 3000 ἅπαντα
653 2936 866 3020 πεπραχότες,
885 2933 947 2998 ὅσα
966 2932 1155 3018 ἐβούλοντο.

213 3197 290 3268 λιε]
312 3195 344 3251 δὲ
359 3213 382 3252 ο.
398 3195 519 3265 Sylburg
591 3193 884 3264 δάποληφθέντεςΒ
956 3193 1038 3249 αὐτοὶ
1056 3210 1077 3249 ο.
1094 3192 1158 3263 syl-

141 3267 215 3336 burg
318 3275 334 3323 6
357 3267 529 3330 πελάσαντες
552 3267 573 3322 O
599 3283 668 3322 corr.
688 3266 806 3320 Hudson
899 3271 924 3320 ·⁷
948 3263 1031 3336 μέρος
1049 3265 1113 3318 add.
1132 3263 1157 3318 Β

51 3387 57 3400 ,
144 3343 176 3392 12
195 3337 268 3392 κατὰ
287 3337 338 3407 μὲν
357 3338 380 3392 Β
399 3336 462 3393 κατ’
484 3337 570 3392 αὐτὸν
589 3336 641 3409 μὲν
658 3337 684 3390 R
705 3341 709 3405 Ι
732 3338 824 3392 αὐτῶν
844 3353 897 3392 om.
917 3337 964 3391 Ba
1035 3341 1069 3391 22
1089 3352 1159 3404 σφε-

142 3407 241 3481 τέρων]
261 3403 362 3479 ἑτέρον
380 3410 406 3462 Α
482 3415 517 3464 24
540 3408 610 3479 μετὰ
627 3407 679 3477 τὴν
698 3407 790 3478 μάχην
809 3407 916 3463 add.B
992 3414 1025 3462 25
1049 3425 1157 3478 πεπρα-

16 3521 17 3524 ,
143 3479 222 3548 χίιες
240 3477 287 3532 οἷα
306 3479 361 3548 (vel
380 3480 426 3549 ὡς)
446 3498 469 3535 c.
484 3479 573 3534 Cobet
592 3479 657 3534 obs.
676 3498 704 3549 p.
720 3485 771 3534 185
