2660 3976
524 227 691 276 -Η-
1055 223 1116 289 185

111 383 158 451 καὶ
175 385 295 468 λεπτὴν
319 383 436 450 ἐλπίδα
454 386 731 470 καταπεφεύγατε,
755 379 780 450 ὦ
801 385 979 473 Οὐαλερία,
1001 387 1061 470 την
1085 385 1119 466 ἐξ

113 491 196 575 ἡμῶν
217 502 284 556 τῶν
308 490 440 557 ἀθλίων
462 501 632 574 γυναικῶν
654 495 834 576 βοήθειαν,
862 483 914 570 αἷς
935 492 957 576 ἡ
980 489 1042 576 μὲν
1065 493 1120 558 εύ-

114 621 179 663 νοια
205 597 225 681 ἡ
252 597 337 683 πρὸς
363 597 424 680 την
453 599 596 684 πατρίδα
618 598 756 684 πάρεστι
778 596 834 664 καὶ
856 600 895 665 τὸ
916 596 1034 664 θέλειν
1057 600 1120 664 σώ-

115 707 217 782 ζεσθαι
239 705 319 781 τοὺς
340 707 488 789 πολίτας,
516 695 586 770 οἷοί
609 703 692 771 ποτέ
711 706 814 790 εἰσιν,
841 705 862 789 η
891 701 921 770 θ’
949 705 1043 790 ἰσχὺς
1065 701 1120 770 καλ

114 811 145 877 τὸ
166 811 333 876 δύνασθαι
355 821 466 877 ποιεῖν
488 810 510 876 ἃ
536 809 682 896 θέλομεν
705 813 853 878 ύπεστιν.
898 794 1160 907 ύιιέστραπταιῗ5

39 945 41 996 j
115 917 170 1003 γὰρ
195 917 295 1002 ἡμᾶς,
322 911 349 982 ὦ
373 917 555 1001 Οὐαλερία,
582 917 751 1004 Μάρκιος,
779 916 812 996 ἐξ
841 912 883 985 οὗ
910 920 972 1002 τὴν
999 918 1121 1003 πικρὰν

39 1057 40 1110 3
116 1023 235 1109 ἐκείνην
258 1024 278 1090 ὁ
302 1020 406 1108 δῆμος
435 1023 540 1090 αὐτοῦ
566 1022 713 1107 κατέγνω
742 1026 856 1109 δίκην,
882 1023 938 1092 καὶ
965 1027 1123 1111 μεμίσηκε

39 1125 41 1216 ξ
115 1130 168 1214 τὴν
196 1132 307 1197 οίκίαν
337 1129 420 1213 ὅλην
445 1129 512 1214 ἅμα
541 1138 580 1215 τῇ
610 1131 758 1216 πατρίδι·
789 1140 887 1197 τοῦτο
916 1129 947 1196 θ’
973 1132 1055 1216 ὑμῖν
1082 1131 1123 1198 οὐ

116 1234 183 1321 παρ’
205 1238 310 1302 ἄλλον
328 1239 431 1320 τινός,
451 1234 536 1302 ἀλλὰ
553 1233 631 1322 παρ’
654 1237 758 1303 αὐτοῦ
776 1240 935 1322 Μαρκίου
953 1244 1124 1322 μαθοῦσαι

117 1341 218 1425 λέγειν
245 1343 372 1428 ἔχομεν.
423 1341 477 1407 ὅτε
510 1342 573 1429 γὰρ
601 1340 703 1418 ἁλούς
729 1343 791 1426 την
818 1344 916 1426 δίκην
942 1337 1049 1426 ἦλθεν
1076 1345 1164 1422 είςιο

38 1483 40 1530 ÷
117 1449 172 1531 την
185 1450 292 1514 οἰκίαν
305 1451 579 1535 προπεμπόμενος
595 1449 662 1515 ὑπὸ
677 1459 744 1514 τῶν
759 1446 911 1535 ἑταίρων,
928 1449 1124 1534 καταλαβὼν

38 1583 40 1608 1
118 1555 195 1638 ἡμᾶς
215 1553 407 1640 καθημένας
430 1555 467 1621 έν
489 1558 665 1640 πενθίμοις
686 1555 833 1641 τρύχεσι,
857 1556 1024 1641 ταπεινάς,
1046 1579 1125 1642 κρα-

37 1661 230 1748 ξεεοτούσας
256 1661 294 1728 έν
320 1672 398 1739 τοῖς
418 1664 537 1744 γόνασι
564 1662 604 1727 τύ
631 1659 730 1728 τέκνα
756 1662 860 1728 αὐτοῦ
889 1664 1068 1741 στενούσας
1090 1685 1125 1728 τε

119 1759 169 1834 οἷα
198 1771 284 1846 εἰκὸς
315 1765 371 1833 καλ
402 1766 664 1852 ἀνακλαιομένας
699 1769 762 1852 την
797 1768 1006 1848 καθέξουσαν
1041 1770 1126 1854 ἡμᾶς

120 1876 214 1961 τύχην
237 1872 436 1961 στερομένας
458 1872 599 1957 ἐκείνου,
629 1875 708 1950 στὰς
730 1877 850 1960 μικρὸν
873 1876 1010 1942 ίίπιοθεν
1032 1875 1126 1961 ημῶν
1139 1893 1167 1934 1⁵

36 1975 38 2036 λ
121 1982 257 2069 ίίύακρνς
275 1983 385 2067 ὥσπερ
405 1984 502 2056 λίθος
520 1977 574 2046 καὶ
593 1979 723 2064 ἀτενής·
749 1985 894 2066 Οίχεται,
911 1984 1027 2066 φησίν,
1044 1981 1126 2066 ὑμῖν
1141 1985 1161 2048 3

121 2089 280 2174 Μάρκιος,
307 2082 334 2153 ὦ
357 2095 459 2172 μῆτερ
483 2087 550 2170 ἅμα
572 2083 627 2151 καὶ
656 2087 713 2171 σύ,
741 2081 768 2152 ὦ
793 2087 1020 2171 Οὐολουμνία,
1049 2111 1127 2172 κρα·

36 2243 38 2268 ,
120 2199 202 2279 τίστη
222 2204 404 2278 γυναικῶν,
428 2190 617 2270 ἐξελασθεὶς
633 2191 700 2258 ὑπὸ
719 2203 786 2258 τῶν
804 2197 961 2277 πολιτῶν,
984 2193 1035 2258 ὅτι
1053 2217 1127 2277 χεν-

36 2339 38 2350 =
121 2311 205 2378 ναίος
230 2296 273 2385 ἦν
301 2297 356 2365 καὶ
383 2302 559 2384 φιλόπολις
585 2296 641 2364 καλ
667 2301 812 2375 πολλοὺς
838 2296 1016 2383 ὑπέμεινεν
1043 2296 1127 2385 ὑπὲρ

121 2416 171 2490 τῆς
196 2407 356 2493 πατρίδος
383 2404 522 2489 ἀγῶνας.
568 2399 641 2471 ἀλλ’
667 2405 712 2481 ὡς
733 2402 850 2491 πρέπει
872 2403 1025 2488 γυναιξὶν
1048 2406 1127 2491 ἅμα·
1141 2434 1168 2474 ιε

36 2569 38 2610 ,
121 2518 201 2597 θαῑς,
226 2512 315 2579 οὕτω
339 2509 454 2598 φέρετε
477 2512 535 2587 τὰς
558 2512 732 2597 συμφορὰς
753 2506 859 2595 μηδὲν
882 2512 1032 2596 ἄσχημον
1055 2534 1128 2580 ποι-

36 2615 38 2642 '
123 2627 211 2685 ούσαι
238 2614 323 2703 μηδὲ
349 2614 501 2701 ἀγεννές,
527 2614 583 2682 καὶ
606 2617 645 2681 τύ
667 2617 784 2682 παιδία
806 2625 908 2684 ταῦτα
930 2620 1128 2704 παραμύθια

122 2734 174 2808 τῆς
194 2725 272 2810 έμης
301 2723 436 2810 ἐρημίας
461 2725 596 2808 ἔχουσαι
618 2719 753 2808 τρέφετε
776 2721 876 2800 ἀξίως
897 2721 993 2807 ὑμῶν
1015 2747 1050 2789 τε
1073 2722 1128 2789 καλ

123 2841 177 2897 τού
197 2829 328 2916 μένους·
357 2820 408 2906 οἷς
432 2827 508 2895 θεοὶ
531 2830 623 2894 δοῖεν
647 2829 694 2905 είς
715 2829 840 2913 ἄνδρας
863 2827 1003 2895 ἐλθοῦσι
1025 2831 1129 2916 τύχην

71 2934 177 3021 ιεειμλν
197 2940 368 3026 κρείττονα
389 2944 450 3001 τοῦ
472 2937 606 3019 πατρός,
629 2933 750 3021 ἀρετὴν
773 2932 810 3000 δὲ
832 2937 878 3020 μη
901 2939 1048 3021 χείρονα·
1073 2935 1129 3002 καὶ
1143 2960 1170 3002 ιε

124 3049 252 3130 χαίρετε.
302 3040 485 3129 ἀπέρχομαι
517 3042 580 3127 γὰρ
608 3042 672 3126 ἤδη
705 3043 894 3108 καταλιπὼν
925 3043 987 3126 την
1020 3040 1129 3108 οὐκέτι

188 3278 237 3327 8τ
237 3266 592 3341 ὴνδύστηνονοίκίανλ
700 3275 716 3322 9
735 3265 1130 3338 μοιῠθοσαιλέηιμναάἀΒ

126 3343 185 3394 1οτ
171 3345 285 3412 τῆιλίκη
304 3341 381 3396 ABb
408 3340 480 3411 τὴνίί
501 3339 597 3412 &assum
613 3339 661 3393 Ba
735 3289 1005 3414 11ἕτκα>ρωνΒ
1097 3349 1129 3396 12

126 3412 282 3483 καθημένας
301 3411 408 3468 add.B
487 3417 521 3465 14
540 3340 772 3481 ἀνακαλοομίνας
790 3410 813 3465 Ο
833 3427 902 3469 corr.
921 3411 1023 3466 Portus
1096 3419 1130 3468 15

128 3433 230 3539 ἄποθεν
247 3485 295 3538 Bb
361 3488 403 3537 18
422 3475 528 3547 *αέξελ
530 3481 646 3544 σθελςΟ
720 3486 754 3536 23
768 3480 829 3552 ἡμῶ
830 3501 847 3536 ν
867 3482 890 3537 Ο
909 3500 978 3539 corr.
997 3483 1130 3539 Gelenius
