2656 3974
185 195 251 259 338
609 193 777 246 -Θ-

185 358 271 443 μάχη
295 354 493 442 νικηθέντας
516 353 763 440 ἀπεληλυθέναι
786 357 863 432 τοὺς
885 358 1064 438 πολεμίους
1088 353 1124 419 ἐκ
1147 364 1205 439 τῆς

185 465 294 549 χώρας
324 463 448 546 αὐτῶν,
477 460 533 527 καλ
563 463 724 546 μηδεμιᾶς
751 473 819 539 τοῖς
847 461 1030 547 συμμάχοις
1057 463 1105 526 ἐτι
1129 462 1204 526 δεῖν

185 572 344 655 βοηθείας
365 569 447 634 κατά
470 570 507 634 τὸ
530 571 651 655 παρόν·
676 567 694 633 ὁ
717 565 832 652 μέντοι
849 567 999 644 Ναύτιος
1021 563 1124 632 οὐδὲν
1147 562 1203 650 ἦτ-

185 699 257 761 τον,
275 674 392 759 ἐπειδὴ·
407 676 447 740 τά
465 673 502 740 ἐν
520 682 560 760 τῇ
579 676 749 762 Τυρρηνίᾳ
766 674 941 760 πράγματα
958 677 1066 751 καλῶς
1085 677 1202 758 σφίσιν

146 770 369 883 85ἐχώρησευ,
398 780 492 864 ἐξῆγε
519 781 581 864 τὴν
610 779 774 866 στρατιάν.
826 777 979 864 ἐμβαλὼν
1007 775 1038 843 δ’
1066 782 1113 856 είς
1140 781 1203 864 τὴν

186 889 412 954 Οὐολούσκων
434 887 546 972 χώραν
568 884 624 950 καὶ
646 885 774 968 πολλὴν
799 885 900 969 αὐτῆς
922 882 1105 963 διεξελθὼν
1128 889 1203 971 ἔρη-

184 1018 248 1079 μον
272 990 465 1079 ἀφειμένην,
488 991 710 1079 ἀνδραπόδων
733 989 794 1076 μὲν
816 989 873 1057 καὶ
893 992 1112 1077 βοσκημάτων
1131 992 1200 1058 ὀλί-

185 1123 255 1184 γων
278 1099 367 1165 πάνυ
391 1098 584 1185 ἐκράτησεν,
613 1099 759 1186 ἀρούρας
781 1096 812 1163 δ’
835 1099 945 1164 αὐτῶν
968 1098 1005 1164 ἐν
1028 1098 1114 1184 ἀκμῇ
1138 1109 1200 1164 τοῦ

185 1209 278 1272 σίτου
302 1207 398 1282 ὄντος
421 1205 588 1292 ἐμπρήσας
609 1203 665 1270 καὶ
687 1206 771 1270 ἀλλα
790 1204 852 1270 ούκ
874 1204 970 1287 ὀλίγα
989 1216 1056 1270 τῶν
1075 1204 1112 1270 έν
1131 1216 1201 1281 τοῖς

144 1338 171 1378 10
185 1310 300 1397 ἀγροῖς
327 1312 560 1397 λωβησάμενος
587 1311 726 1388 οὐδενὸς
753 1311 854 1396 ὁμόσε
880 1321 1069 1398 χωροῦντος
1096 1311 1277 1395 ἀπῆγε1842

184 1419 246 1502 τὴν
280 1418 453 1503 στρατιάν·
493 1427 596 1484 ταῦτα
629 1414 690 1503 μὲν
725 1415 778 1483 ἐπὶ
810 1418 938 1483 τούτων
969 1428 1036 1483 τῶν
1066 1417 1202 1502 ἀνδρῶν

184 1524 345 1610 ἐπράχθη.
470 1575 477 1606 ,
1059 1581 1062 1586 .

251 1630 402 1697 XXXVI.
432 1632 478 1696 Οί
493 1628 530 1697 δὲ
549 1631 780 1715 διαδεξάμενοι
798 1633 937 1709 τούτους
954 1632 1074 1698 ύπατοι
1088 1626 1202 1708 Αὖλος

184 1733 338 1814 Μάλλιος
359 1735 415 1802 καὶ
437 1739 581 1814 Λεύκιος
604 1740 762 1823 Φούριος,
784 1737 1019 1823 ψηφισαμένης
1042 1747 1099 1822 τῆς
1120 1741 1202 1821 βου-

144 1869 170 1911 15
185 1847 243 1926 λῆς
261 1844 321 1908 τὸν
339 1841 452 1929 ἕτερον
472 1844 582 1911 αύτῶυ
601 1845 760 1929 στρατιάν
778 1842 831 1909 ἐπὶ
851 1843 1076 1922 Οὐιεντανοὺς
1093 1845 1202 1928 ἀγειν,

184 1947 415 2035 ἐκληρώσαντο
427 1948 504 2038 περὶ
521 1960 579 2036 τῆς
597 1949 726 2035 ἐξόδου,
743 1951 895 2039 καθάπερ
914 1951 1027 2030 αὐτοῖς
1046 1954 1125 2028 ἔθος
1145 1946 1201 2034 ἦν.

184 2052 239 2119 καὶ
268 2057 380 2141 λαχὼν
405 2055 560 2132 Μάλλιος
587 2054 680 2140 ἐξῆγε
708 2057 766 2134 τάς
793 2058 952 2142 δυνάμεις
979 2058 1035 2122 διά
1062 2056 1202 2140 ταχέων,

183 2158 239 2224 καὶ
261 2166 404 2246 πλησίον
425 2172 493 2228 τῶν
515 2165 682 2246 πολεμίων
704 2161 1074 2251 κατεστρατοπέδευσεν.
1111 2163 1148 2228 οί
1163 2159 1202 2228 δὲ

186 2266 384 2335 Οὐιεντανοὶ
406 2272 567 2355 τειχήρεις
588 2271 764 2353 γενόμενοι
786 2266 867 2347 τέως
889 2266 950 2354 μὲν
973 2269 1126 2353 ἀντεῖχον
1144 2268 1202 2334 καὶ

144 2400 170 2440 ιο
185 2373 459 2459 διεπρεσβεύοντο
485 2378 570 2462 πρός
596 2398 630 2440 τε
657 2376 715 2453 τάς
742 2377 844 2454 ἀλλας
870 2375 928 2453 τάς
950 2373 987 2440 ἐν
1014 2379 1203 2460 Τυρρηνοῖς
1318 2369 1319 2411 ί

183 2479 297 2556 πόλεις
327 2478 383 2544 καὶ
412 2483 495 2567 πρὸς
524 2485 603 2559 τοὺς
631 2480 750 2547 νεωστὶ
777 2484 1058 2567 ’συμμαχήσαντας
1086 2480 1204 2559 αύτοίς

184 2587 371 2669 Σαβίνους,
403 2589 565 2670 βοήθειαν
598 2585 767 2665 ἀξιοῦντες
797 2587 988 2655 ἀποστεῖλαι
1018 2591 1113 2673 σφίσι
1144 2590 1202 2653 διά
1317 2593 1318 2622 ³

142 2689 317 2775 2ταχέων.
363 2692 408 2769 ὡς
430 2689 463 2758 δ’
487 2692 643 2760 ἁπάντων
666 2692 894 2779 ἀπετύγχανον
916 2693 972 2761 καὶ
995 2696 1052 2773 τάς
1074 2696 1203 2781 τροφάς
1316 2755 1317 2760 ,

183 2796 454 2884 ἀπαναλώκεσαν,
471 2798 537 2867 ὑπὸ
555 2809 612 2885 τῆς
626 2801 771 2886 ἀνάγκης
786 2805 859 2884 [τοῦ
872 2806 986 2887 λιμοῦ]
1001 2800 1203 2887 βιασθέντες
1316 2815 1317 2818 ’

142 2933 168 2972 ει
183 2903 327 2989 ἐξῆλθον
345 2905 390 2982 ὡς
407 2908 467 2971 τὸν
484 2905 624 2991 ύπατον,
647 2908 811 2993 ἱκετηρίας
828 2905 987 2994 φέροντες
1004 2908 1041 2974 οί
1054 2911 1201 2994 πρεσβύ-

183 3014 278 3077 τατοί
301 3007 329 3076 τ’
356 3010 467 3078 αὐτῶν
489 3011 545 3078 καὶ
567 3014 771 3101 τιμιώτατοι,
796 3012 871 3100 περὶ
893 3015 1103 3092 καταλύσεως
1126 3016 1202 3082 δεύ-
1315 3051 1316 3079 ι

252 3233 352 3294 4ἐπελ
369 3240 392 3294 Β
412 3241 417 3310 l
437 3247 470 3312 τῇ
490 3239 593 3296 κδά.Β
683 3241 795 3297 8πάνυ
814 3242 921 3298 οδδ.Β
1008 3247 1043 3297 14
1062 3243 1202 3314 φρούριος
1314 3269 1315 3301 ι

181 3308 234 3362 ΑΒ
253 3310 283 3363 et
300 3326 386 3380 saepe
450 3319 483 3367 16
502 3305 538 3380 ἦν
558 3310 626 3375 ἔθος
644 3312 667 3366 Β
730 3318 765 3367 20
784 3313 1037 3387 διεπρεσβεύον<το
1056 3314 1128 3383 πρός
1146 3313 1203 3439 w?

181 3379 229 3433 Bb
248 3396 282 3433 ex
301 3397 370 3438 corr.
479 3389 513 3437 22
532 3383 696 3438 ἀποστεῖλαι
715 3400 768 3440 om.
787 3385 813 3438 A
920 3391 955 3440 24
972 3393 1022 3439 τοῦ
1040 3385 1163 3455 λιμοῦδ

180 3449 325 3519 Kiessling
