2586 3972
210 395 277 460 ὑπὸ
304 394 346 458 τά
372 393 542 478 κάμνοντα
562 402 622 477 τῆς
643 393 816 477 φάλαγγος
837 392 1000 458 ὑπελθεῖν
1022 387 1120 476 μέρη,
1147 393 1217 466 τοὺς
1269 393 1270 406 ³

212 497 250 566 ⁶²-
276 503 478 587 wavpaztag
504 498 561 564 καὶ
587 502 667 577 τοὺς
695 498 912 584 ἐπιστεύετε
943 499 1050 564 ὀπίσω
1077 507 1134 582 τῆς
1160 497 1217 582 σί·

211 611 334 691 λαγγος
350 605 493 672 ἀπιέναι.
530 607 566 672 οί
581 602 614 672 δ’
627 604 781 692 Ἕρνικες
798 608 844 684 ὡς
860 609 990 691 ἔμαθον
1009 604 1218 688 κινουμένους

211 714 322 778 αὐτῶν
348 716 429 790 τοὺς
456 716 577 798 λόχους
608 721 718 796 φυγῆς
743 709 773 777 τ’
804 714 920 798 ἄρχειν
948 715 1027 789 τοὺς
1049 710 1216 796 Ῥωμαίους

184 818 397 903 εὑκέλαβον,
422 817 478 883 καὶ
500 817 826 904 παρακελευσάμενοι
848 817 1004 902 ἀλλήλοις
1026 816 1216 902 ἐμβάλλουσι

209 936 349 1002 πυκνοῖς
380 936 451 1002 τοῖς
478 927 590 1012 λόχοις
615 927 664 1002 είς
689 925 731 990 τὰ
757 926 939 1010 κινούμενα
965 936 1033 990 τῶν
1061 926 1216 1008 πολεμίων

209 1029 310 1117 μέρη,
338 1030 394 1097 καὶ
422 1032 458 1098 οί
482 1031 677 1118 ἀκραιφνεῖς
705 1043 773 1096 τῶν
795 1029 964 1116 Ῥωμαίων
994 1031 1146 1108 ἐπιόντας
1167 1027 1216 1094 αὑ

209 1140 290 1215 τοὺς
316 1136 483 1223 δέχονται·
511 1137 567 1204 καὶ
593 1134 637 1221 ἦν
664 1132 765 1214 αὖθις
792 1137 827 1217 ἐξ
853 1137 1004 1224 ὑπαρχῆς
1030 1135 1216 1222 ἀμφοτέρων

210 1243 366 1328 ἐκθύμως
387 1243 642 1328 ἀγωνιζομένων
664 1245 751 1331 μάχη
775 1245 929 1331 καρτερά·
959 1242 1016 1310 καὶ
1043 1246 1107 1330 γὰρ
1129 1240 1216 1326 (καί)

169 1374 196 1414 ιο
209 1351 246 1416 οί
279 1361 346 1417 τῶν
384 1350 544 1436 Ἑρνίκων
583 1350 824 1437 ἐξεπληροῦντο
857 1355 951 1437 λόχοι
982 1363 1054 1429 τοῖς
1085 1350 1216 1436 ἀκμῆσιν
1270 1351 1271 1388 ί

208 1455 499 1542 ὑποπεμπομένοις
525 1459 573 1534 είς
600 1458 642 1522 τὰ
671 1458 842 1542 κάμνοντα
863 1459 931 1525 ὑπὸ
953 1469 1021 1524 τῶν
1044 1458 1216 1542 ἡγεμόνων.

173 1573 195 1634 4
209 1563 323 1648 ἐπειδὴ
342 1560 381 1629 δέ
398 1563 475 1649 περὶ
492 1565 608 1647 δείλην
626 1564 728 1642 ὀψίαν
746 1559 790 1648 ἦν
808 1566 885 1648 ἤδη,
901 1563 1132 1650 παρακαλέσας
1147 1566 1265 1638 τοὺςὶθῦ

210 1671 318 1746 ἱππεῖς
339 1670 360 1735 ό
381 1669 506 1747 ὕπατος
527 1667 606 1736 νυνὶ
628 1670 717 1754 <δη>
735 1671 861 1756 ἄνδρας
882 1671 1035 1755 ἀγαθοὺς
1057 1668 1216 1754 γενέσθαι,

208 1773 365 1859 ἐμβάλλει
391 1787 462 1853 τοῖς
487 1778 658 1861 πολεμίοις
689 1777 772 1841 κατὰ
800 1780 837 1843 τὸ
866 1776 977 1855 δεξιὸν
1003 1775 1102 1863 κέρας
1127 1775 1216 1850 αὑτὸς

168 1905 194 1946 ιε
208 1881 394 1966 ἡγούμενος
415 1890 474 1966 τῆς
497 1887 577 1967 ίλης.
623 1883 660 1948 οί
676 1879 707 1947 δ’
730 1882 847 1966 ὀλίγον
864 1885 939 1949 τινὰ
957 1883 1131 1967 δεξάμενοι
1147 1884 1214 1968 χρό-

207 2011 270 2054 νον
302 1988 423 2066 αὐτοὺς
455 1987 664 2073 ἐγκλίνουσι,
695 1986 751 2054 καὶ
783 1993 909 2073 γίνεται
940 1993 1046 2074 φόνος
1078 1988 1214 2055 ἐνταῦθα

207 2095 321 2172 πολύς.
366 2097 404 2162 τὸ
427 2091 552 2180 μὲν
513 2119 577 2162 ουν
595 2095 676 2174 δεξ
633 2095 706 2174 ξιον
724 2107 791 2161 τῶν
809 2094 972 2183 Ἑρνίκων
992 2094 1091 2182 κέρας
1114 2095 1214 2161 ἐπόνει

208 2196 235 2263 τ’
266 2202 331 2285 ἥδη
362 2199 417 2266 καὶ
447 2201 588 2281 ἐξέλειπε
615 2204 678 2286 τὴν
705 2202 816 2286 τάξιν,
846 2205 884 2268 τὸ
912 2201 943 2267 δ’
974 2203 1148 2287 εὐώνυμον
1172 2202 1214 2265 ἐτι

208 2304 336 2391 ἀντεῖχε
359 2306 415 2373 καὶ
437 2318 556 2394 περιην
583 2318 644 2374 τοῦ
662 2306 832 2394 Ῥωμαίων
860 2308 985 2388 δεξιοῦ·
1013 2307 1084 2394 μετ’
1110 2309 1163 2375 ὀλί
1161 2329 1213 2391 γον
1271 2327 1272 2368 1

169 2398 322 2511 5μέντοι
344 2412 400 2478 καὶ
418 2425 498 2480 τοῦτ
500 2413 702 2481 ἐνέδωκεν.
749 2416 849 2501 ὁγὰρ
865 2413 1037 2494 Ἀκύλλιος
1058 2419 1136 2493 τοὺς
1152 2413 1272 2499 ἀρί

209 2533 308 2596 στους
334 2531 401 2585 τῶν
424 2519 511 2586 νέων
534 2520 739 2606 ἐπαγόμενος
765 2525 970 2607 παρεβοήθει
997 2522 1095 2588 κάκεῖ
1122 2543 1213 2605 παρα-

207 2626 390 2711 θαρρύνων
412 2647 448 2691 τε
471 2625 526 2692 καὶ
553 2625 588 2705 ἐξ
615 2627 777 2713 ὀνόματος
802 2627 978 2694 ἀνακαλῶν
1000 2631 1081 2707 τοὺς
1107 2628 1212 2694 είωθό-

208 2755 265 2808 τας
288 2731 324 2797 ἐν
347 2743 419 2809 ταῖς
440 2731 521 2818 πρὶν
543 2732 731 2821 ἀριστεύειν
755 2734 886 2820 μάχαις,
908 2736 948 2800 τά
965 2759 1000 2800 τε
1021 2747 1139 2821 σημεῖα
1155 2743 1212 2798 τῶν

208 2839 329 2923 λόχων,
356 2838 431 2905 ὅσοι
454 2841 498 2924 μὴ
521 2839 717 2927 ἐρρωμένως
740 2839 882 2907 ἐδόκουν
904 2842 1110 2927 ἀμύνεσθαι,
1135 2839 1212 2922 παρὰ

168 2970 195 3012 π
208 2955 275 3010 τῶν
303 2949 536 3032 σημειοφόρων
563 2945 718 3030 ἁρπάζων
747 2950 795 3025 είς
827 2946 949 3033 μέσους
975 2946 1121 3034 ἐρρίπτει
1146 2948 1213 3020 τοὺς

207 3054 398 3136 πολεμίους,
425 3053 481 3117 ἵνα
503 3053 541 3118 τὸ
566 3051 642 3130 δέος
663 3053 785 3132 αὑτοὺς
806 3062 865 3138 τῆς
887 3053 1033 3139 ἐννόμου
1055 3056 1212 3141 τιμωρίας,

208 3157 241 3220 εί
261 3157 306 3241 μὴ
325 3156 554 3225 ἀνασώσαιντο
572 3161 631 3237 τάς
649 3163 801 3245 σημαίας,
824 3162 949 3248 ἄνδρας
967 3160 1119 3243 ἀγαθοὺς
1136 3155 1211 3225 εἶναι

280 3350 431 3404 3όιπῖεναι
450 3351 502 3404 ΑΒ
598 3359 614 3406 9
633 3353 766 3409 αλωδδ
784 3352 890 3408 Reiske
987 3356 1108 3409 13νυνί
1121 3369 1184 3422 rev
1170 3347 1210 3402 vel

207 3418 281 3544 τινρίίυ
291 3419 468 3543 δίἏθγΙΒοΓΒ
554 3429 587 3477 19
602 3421 653 3477 Ρω
654 3425 740 3494 μαίου
760 3424 783 3478 Ο
802 3441 872 3480 corr.
892 3423 1013 3495 Sylburg
1098 3431 1130 3480 22
1148 3423 1209 3476 ἄπο-

206 3509 243 3543 κα
283 3509 299 3544 ν
