2674 3978
561 279 724 328 -ι-
1106 274 1149 338 ει

131 439 211 522 ἡμῖν
243 439 307 522 τήν
339 437 457 504 στάσιν
490 447 588 504 τοῦτο
617 439 835 524 συνεχωρήθη
863 440 900 503 τὸ
928 439 1060 505 δίκαιον
1087 434 1147 523 ὑφ’

132 545 243 629 ὑμῶν,
271 545 352 610 ὅταν
376 546 412 610 oc
432 545 595 631 δήμαρχοι
619 545 831 628 συναγάγωσι
854 547 914 611 τὸν
936 545 1044 629 δῆμον
1066 541 1150 631 ὑπὲρ

134 653 364 734 ὁτουδήτινος,
392 653 436 736 μή
464 662 618 737 παρεῖναι
640 660 680 737 τῇ
704 653 836 740 συνόδῳ
860 639 938 728 τύνὺς
959 654 1152 736 πατρικίους

133 755 208 842 μηδ’
234 756 397 844 ἑνοχλεῖν;
422 755 637 842 Μεμνήμεθ’,
660 761 783 843 ἔφησεν
804 757 823 823 6
847 757 1016 840 Γεγάνιος.
1052 754 1108 822 καί
1133 758 1151 823 6

132 867 283 950 Βροῦτος
303 862 478 950 ὑποφέρει·
516 868 558 929 Τί
576 858 638 930 οὑν
657 866 823 942 παθόντες
841 863 996 948 ἐμποδὼν
1014 861 1147 930 ἵστασθ’
1179 889 1192 932 ε

132 969 211 1053 ἡμῖν
234 968 290 1035 καλ
309 971 372 1036 οὐκ
390 970 462 1037 ἐᾶτε
482 974 561 1048 τοὺς
579 972 770 1057 δημάρχους
787 971 808 1036 ἃ
827 972 1006 1055 βούλονται
1025 969 1149 1055 λέγειν;

134 1075 346 1162 ἀποκρίνεται
373 1079 456 1161 πρὸς
484 1076 582 1144 ταῦθ’
615 1079 634 1144 6
661 1077 836 1162 Γεγάνιος·
865 1075 938 1142 ’Ότι
966 1077 1028 1144 οὐκ
1055 1075 1152 1144 αὐτοὶ

134 1183 360 1250 συνεκάλεσαν
382 1186 442 1250 τὸν
466 1186 575 1269 δῆμον
598 1186 645 1261 είς
667 1185 729 1268 τὴν
753 1183 941 1270 ἐκκλησίαν,
964 1182 1035 1250 ἀλλ’
1058 1184 1152 1269 ἡμεῖς

133 1290 167 1354 οἱ
186 1289 316 1355 ὑπατοι.
354 1291 386 1355 εί
402 1287 464 1375 μὲν
482 1285 545 1356 οὑν
564 1291 629 1356 ὑπὸ
652 1291 780 1356 τούτων
798 1289 818 1373 ή
844 1291 987 1367 σύνοδος
1010 1289 1151 1374 ἐγένετο,

134 1391 238 1460 οὐθὲν
267 1395 309 1461 όν
336 1394 495 1482 ἠξιοῦμεν
523 1397 600 1462 ούτε
632 1397 775 1462 κωλύειν
807 1397 884 1462 οὔτε
915 1402 1151 1482 πολυπραγμο-
1166 1425 1192 1464 ιο

132 1512 218 1567 νεῖν·
240 1501 354 1585 ἐπειδή
373 1500 404 1567 δ’
425 1502 520 1587 ἡμεῖς
539 1503 771 1588 συνηγάγομεν
789 1504 851 1587 τήν
870 1502 1057 1587 ἐκκλησίαν,
1076 1500 1151 1589 οὐχὶ

72 1610 271 1686 Ιεόοτούταυς
294 1609 469 1692 ἀγορεύειν
490 1610 681 1694 κωλύομεν,
709 1606 781 1674 ἀλλ’
807 1608 872 1675 ὑπὸ
900 1610 1028 1675 τούτων
1056 1606 1151 1674 αὐτοὶ

131 1717 323 1781 κωλύεσθαι
351 1716 391 1781 ού
420 1717 624 1800 δικαιοῦμεν.
660 1714 716 1781 καί
746 1716 763 1782 6
788 1720 937 1802 Βροῦτος
960 1716 1185 1801 ὑποτυχύν·5

131 1825 303 1906 Νικῶμεν,
326 1808 462 1906 ἔφησεν,
485 1818 510 1888 ὦ
530 1823 681 1906 δημόται,
703 1819 759 1887 καί
777 1823 1047 1909 παρακεχώρηται
1069 1818 1150 1905 ὑμῖν

131 1928 195 1994 ὑπὸ
219 1938 287 1994 τῶν
312 1929 485 2015 διαφόρων
508 1928 570 1993 ὅσα
592 1927 759 2013 ἠξιοῦμεν.
784 1938 862 2006 Ινῦν
885 1925 946 2012 μὲν
970 1923 1033 1993 οὖν
1055 1929 1149 1993 άπιτε
1164 1953 1190 1996 ιι

131 2032 186 2098 καλ
217 2035 395 2100 παύσασθε
427 2040 709 2120 φιλονεικοῦντες·
747 2035 869 2120 αὑριον
902 2031 932 2099 δ’
963 2034 1044 2118 ὑμῖν
1075 2034 1151 2099 ὑπι-

132 2151 296 2225 σχνοῦμαι
328 2127 478 2228 φανεράν
511 2143 663 2225 ποιήσειν
696 2140 779 2224 ὅσην
812 2143 898 2226 ἔχετε
933 2141 1039 2224 ίσχύν.
1095 2137 1151 2204 καί

130 2247 225 2331 ὑμεῖς
244 2243 291 2331 γ’,
310 2242 336 2311 ὦ
356 2248 531 2333 δήμαρχοι,
549 2249 808 2333 παραχωρήσατε
826 2247 939 2323 αὐτοῖς
952 2247 1010 2330 τῆς
1025 2245 1151 2332 ἀγορᾶς

132 2352 168 2418 ἐν
191 2362 237 2440 τῷ
261 2356 415 2440 παρόντι·
449 2354 576 2439 οὐγὰρ
600 2355 647 2430 είς
672 2354 765 2430 τέλος
791 2354 1056 2439 παραχωρήσετε·
1089 2377 1150 2437 μα-

130 2462 251 2536 θόντες
279 2455 310 2524 δ’
338 2459 420 2526 ὅσον
448 2463 514 2546 ἔχει
540 2460 660 2545 κράτος
686 2459 781 2544 ὑμῶν
803 2457 824 2543 ἡ
848 2459 944 2546 άρχή·
977 2461 1149 2544 γνώσεσθε
1164 2487 1191 2528 ιο

131 2566 193 2651 γάρ
218 2565 281 2632 ούκ
300 2568 347 2643 είς
365 2567 507 2653 μακράν·
532 2565 595 2649 ἐγὼ
615 2563 710 2632 τοῦθ’
734 2565 814 2650 ὑμῖν
833 2565 1037 2653 ὑποδέχομαι
1055 2569 1150 2651 ποιή-

132 2687 202 2737 σειν
216 2675 379 2758 φανερόν·
394 2670 616 2759 μετριωτέραν
630 2672 741 2739 αὐτῶν
752 2671 938 2738 ἀποδώσετε
952 2676 1013 2758 τήν
1027 2673 1150 2758 ὑπερη-

131 2781 264 2861 φανίαν.
302 2776 361 2844 ἐάν
389 2775 426 2843 δὲ
450 2780 635 2863 φενακίζων
656 2777 742 2862 ὑμᾶς
765 2779 911 2865 εὑρεθῶ,
939 2774 1103 2863 χρήσασθ’
1129 2776 1148 2841 ὅ

130 2907 160 2947 τι
183 2882 353 2968 βούλεσθέ
374 2907 440 2969 μοι.

195 2989 303 3055 XVII.
330 2989 482 3068 Οὐθενός
500 2987 537 3057 δὲ
551 2992 633 3077 πρὸς
646 2988 738 3057 ταῦτ’
755 2987 985 3067 ἀντιλέξαντος
1000 2985 1147 3074 ἀπήισαν
1162 3015 1188 3059 ιι

131 3094 166 3161 ἐκ
194 3105 252 3181 τῆς
286 3095 460 3181 ἐκκλησίας
491 3097 532 3163 ού
567 3098 625 3174 τδς
657 3098 774 3181 ὁμοίας
803 3096 987 3178 ὑπολήψεις
1019 3097 1149 3182 ἔχοντες

200 3324 279 3398 5<π
320 3325 423 3386 θόντες
440 3323 487 3378 Bb
507 3325 691 3395 μαθόντεςΒ
715 3325 750 3380 ef.
770 3325 860 3380 Cobet
878 3325 944 3382 Obs.
985 3331 1058 3382 ,138
1131 3331 1147 3380 7

133 3394 218 3450 60m.
239 3401 263 3450 A
297 3393 402 3451 cadd.
421 3393 496 3464 θοις
570 3402 601 3450 11
622 3391 735 3450 ἐπεῖδε
762 3412 785 3450 ο.
809 3396 932 3450 Reudler
982 3396 1046 3452 ὀο.
1065 3415 1093 3466 p.
1112 3401 1147 3450 47

135 3471 166 3521 17
185 3466 313 3536 φανερόν
332 3483 355 3521 ο,
375 3466 498 3535 Sylburg
513 3469 519 3532 Ι
535 3467 583 3521 καλ
601 3468 680 3536 ὑμεῖς
698 3465 729 3521 δὲ
749 3483 773 3521 ο.
788 3466 932 3537 Kiessling
1023 3473 1058 3522 20
1076 3467 1149 3537 γνά-

135 3541 217 3593 σεσθε
235 3536 268 3593 66
287 3536 311 3589 B
384 3544 417 3592 21
436 3535 612 3607 ὑποδέχομαι
629 3538 652 3590 Β
671 3539 860 3608 ὑπισχνοῦμαι
877 3539 904 3592 R
