2660 3976
543 243 711 292 -H..

126 402 171 478 είς
191 399 311 479 αὐτοὺς
332 381 573 488 ’ἐξαμαρτόντες
595 403 709 489 εύχαλς
726 404 781 469 καλ
799 407 936 482 θυσίαις
953 407 1013 470 τὸν
1032 408 1134 490 χόλον

126 506 324 586 ἐξιλάσαντο·
354 508 386 572 εἰ
407 509 451 593 μή
476 508 530 594 σύ,
557 502 583 574 ὦ
608 509 752 596 Μάρκιε,
778 508 882 588 ἀξιοῖς
904 511 962 588 τάς
984 506 1046 595 μὲν
1068 522 1136 576 τῶν

124 620 211 680 θεῶν
233 615 335 701 ὀργάς
356 615 484 700 θνητάς
505 611 603 700 εἶναι,
625 617 684 694 τδς
701 612 739 682 δέ
757 627 825 682 τῶν
843 617 1034 703 ἀνθρώπων
1051 615 1135 682 ἀθα-

124 721 248 798 νάτους.
286 723 398 790 δίκαια
416 717 478 807 μέν
497 717 559 789 ούν
577 726 727 808 ποιήσεις
743 722 800 788 καὶ
823 732 950 811 σεαυτῷ
967 721 1135 809 πρέποντα

68 823 177 894 ιειιιιαλ
198 835 235 913 τῇ
257 830 393 914 πατρίδι
416 828 511 915 αὐτῇ,
538 826 634 914 ἀφεὶς
656 830 695 894 τά
719 827 905 914 ἐγκλήματα
928 829 1134 915 μετανοούσῃ
1162 855 1176 898 ι

124 957 160 1016 γε
184 931 239 999 καλ
268 932 527 1022 διαλλαττομένῃ
555 933 610 1000 καὶ
634 934 696 1000 ὅσα
718 939 882 1024 πρότερον
906 935 1058 1022 ἀφείλετο
1083 934 1136 1003 σοὶ

123 1049 185 1105 νῦν
207 1039 426 1127 ἀποδιδούσῃ.

31 1217 33 1240 ,
186 1145 241 1213 LI.
286 1149 332 1212 El
359 1144 389 1212 δ’
421 1148 486 1233 ἀρα
517 1148 600 1233 πρὸς
630 1147 762 1234 ἐκείνην
791 1149 1016 1229 ἀδιαλλάκτως
1043 1153 1137 1236 ἔχεις,

30 1240 32 1376 ἦ
124 1251 195 1338 ἐμοὶ
217 1255 342 1338 ταύτην
366 1255 435 1337 δός,
459 1248 485 1318 ὦ
504 1253 634 1334 τέκνον,
657 1257 718 1340 τήν
736 1258 835 1341 τιμήν
852 1254 908 1321 καὶ
926 1256 1036 1342 χάριν,
1055 1255 1132 1339 παρ’

30 1379 32 1404 ¹
123 1355 160 1443 ἧς
181 1360 222 1426 ού
249 1362 290 1426 τὰ
319 1359 494 1446 ἐλαχίστου
517 1359 592 1439 ἀξια
615 1364 700 1447 ἔχεις
722 1359 795 1428 οὐδ’
823 1356 870 1428 ὧν
894 1359 1133 1446 ἀντιποιήσαιτ’
1151 1389 1178 1428 10

30 1405 32 1520 ἔ
122 1469 163 1532 ἀν
187 1491 235 1546 τις
257 1465 313 1532 καὶ
336 1467 458 1554 ἕτερος,
481 1466 564 1533 άλλδ
586 1469 627 1533 τὰ
645 1467 783 1554 μέγιστα
804 1465 860 1534 καὶ
882 1469 1060 1553 τιμιώτατα
1082 1467 1138 1534 καὶ

29 1569 31 1644 λ
122 1567 171 1653 οἷς
198 1575 327 1640 άπαντα
353 1575 394 1639 τὰ
417 1574 516 1642 λοιπά
539 1572 708 1659 κέκτησαι,
735 1577 772 1641 τὸ
797 1585 890 1660 σῶμα
912 1573 968 1640 καλ
990 1576 1052 1659 τήν
1074 1587 1138 1654 ήυ-

29 1647 31 1766 ή
122 1685 193 1767 χήν.
239 1682 443 1766 δανείσματα
465 1682 528 1766 γάρ
553 1682 638 1766 ἔχεις
659 1679 750 1748 ταῦτ’
778 1681 851 1768 ἐμά,
880 1679 935 1747 καὶ
959 1682 1020 1748 ούκ
1041 1681 1138 1769 ἀφαι-

29 1779 31 1878 ξ
122 1791 260 1874 ρήσεταί
279 1813 318 1874 με
341 1784 432 1854 ταῦτ’
456 1785 573 1864 οὐθεὶς
595 1789 671 1854 ούτε
694 1792 795 1866 τόπος
813 1789 889 1855 οὔτε
912 1792 1037 1876 καιρός,
1058 1787 1142 1856 οὐδέ

28 1911 31 1988 ,ι
122 1891 150 1979 ρ’
178 1895 217 1959 αί
249 1894 475 1960 Οὐολούσκων
506 1890 587 1960 οὐδὲ
618 1905 686 1960 τῶν
718 1896 829 1960 ἀλλων
862 1895 1052 1982 ἀνθρώπων
1084 1896 1138 1961 εύ-
1152 1917 1179 1958 ιε

121 2005 269 2088 ερρεσίαι
298 2000 500 2086 συμπάντων
526 1998 582 2066 καὶ
609 2000 739 2087 χάριτες
768 2012 932 2068 τοσοῦτον
965 2002 1138 2086 ἰσχύουσιν

123 2105 195 2176 οὐδ’
223 2107 266 2173 ἀν
290 2107 531 2193 οὐρανομήκεις
552 2105 730 2192 γένωνται,
758 2108 842 2173 ὥστε
864 2109 904 2173 τά
925 2118 984 2193 τῆς
1007 2108 1139 2192 φύσεως

28 2255 30 2310 χ
123 2214 291 2294 ἐξαλεῖψαι
313 2212 369 2279 καὶ
386 2217 569 2300 παρελθεῖν
588 2215 714 2280 δίκαια·
738 2211 810 2279 ἀλλ’
833 2213 911 2299 ίμὸς
934 2215 1062 2280 ἅπαντα
1080 2217 1140 2281 τὸν

28 2311 30 2376 ί
122 2325 245 2409 χρόνον
269 2322 328 2406 ἔσῃ
355 2317 411 2385 καὶ
438 2321 550 2407 πρώτῃ
577 2321 712 2387 πάντων
734 2321 792 2396 τάς
818 2329 879 2386 τού
906 2323 983 2405 βίον
1005 2320 1140 2407 χάριτας

28 2377 30 2520 Ι
124 2429 311 2514 ὀφειλήσεις
338 2425 427 2513 ἐμοί,
459 2425 514 2492 καὶ
542 2421 590 2492 ὧν
617 2427 659 2493 ἀν
687 2425 812 2511 δίωμαι
841 2428 915 2512 δίχα
942 2427 1140 2514 προφάσεως
1153 2452 1180 2492 ιο

66 2536 354 2621 ιετεὺπουρνήσεις.
399 2543 498 2600 τοῦτο
521 2534 584 2620 γάρ
613 2534 632 2599 ὁ
658 2542 717 2617 τῆς
738 2535 871 2618 φύσεως
892 2536 996 2618 νόμος
1019 2535 1175 2621 ὥρισεν2

28 2639 30 2732 ή
123 2642 225 2707 άπασι
254 2651 325 2718 τοίς
354 2641 542 2726 αἰσθήσεως
568 2637 623 2704 καί
647 2642 749 2722 λόγου
780 2641 992 2724 μετειληφόσι
1021 2642 1059 2705 τὸ
1090 2642 1140 2705 δί-
1182 2718 1186 2723 ,

28 2735 30 2788 ³
123 2770 232 2831 καιον,
256 2739 283 2834 ᾧ
301 2747 514 2830 πιστεύουσα,
531 2745 665 2831 Μάρκιε
683 2744 813 2830 τέκνον,
831 2744 922 2828 κάγὼ
942 2743 1062 2829 δέομαί
1078 2763 1140 2812 σου

124 2855 168 2940 μή
193 2852 328 2936 ἐπάγειν
350 2855 498 2938 πόλεμον
520 2861 559 2938 τῃ
581 2853 728 2940 πατρίδι,
750 2851 806 2918 καὶ
828 2852 984 2938 ἐμποδὼν
1007 2853 1144 2937 ἵσταμαί

125 2976 179 3027 σοι
209 2957 403 3048 βιαζομένῳ.
455 2958 476 3044 ή
507 2957 671 3045 προτέραν
701 2953 764 3025 οὖν
794 2955 850 3044 ἔμέ
879 2958 940 3041 τήν
971 2957 1141 3024 ἔναντιου-
1155 2979 1181 3022 25

125 3065 231 3152 μένην
259 3081 312 3131 σοι
340 3063 463 3151 μητέρα
478 3065 564 3142 ’ταῖς
595 3065 724 3152 ἐρινύσι
755 3064 1012 3151 προθυσάμενος
1043 3064 1141 3130 αύτο-

199 3231 212 3278 1
242 3217 482 3292 ἐξαμαρτάνοντες
510 3221 533 3276 Ο
561 3239 630 3278 corr.
658 3223 759 3276 Portus
876 3227 892 3274 5
916 3221 1000 3291 ἀφεὶς
1023 3223 1093 3294 αὐτῇ
1117 3239 1141 3278 ο.

126 3292 795 3421 ξενίου,ικκήιειιλήὲυεε
813 3299 927 3434 ,λλ
945 3291 1143 3436 αλονε

127 3436 197 3490 bont
213 3454 240 3493 v.
259 3443 293 3492 15
312 3434 346 3492 αλ
362 3437 518 3506 εὐεργεσίαι
543 3439 547 3498 Ι
573 3435 639 3492 οὐδὲ
658 3435 711 3506 γάρ
731 3433 765 3490 αλ
780 3453 803 3492 c.
824 3435 947 3491 Reudler
969 3435 1058 3493 Tiroc.
1078 3456 1105 3508 p.
1125 3443 1141 3492 2

129 3512 162 3561 19
180 3507 229 3570 τὰς
247 3524 302 3564 om.
320 3512 344 3562 Α
417 3513 452 3562 20
470 3526 518 3577 μοι
537 3507 559 3562 0
579 3501 641 3578 ἐμοὶ
659 3506 803 3577 Kiessling
