2656 3974
15 213 16 248 ¹
144 247 211 313 τοο
567 247 735 301 -ο-

142 419 330 494 πεπηγυῖαν
359 407 588 486 ἀνατείνοντες
614 411 671 475 καί
697 421 765 475 τῶν
791 409 902 474 ἄλλων
930 407 1064 494 ἀνδρῶν
1091 419 1160 474 τῶν

144 515 332 602 ἐπιφανῶν,
361 515 406 592 ὡς
435 515 477 598 δὴ
507 516 615 604 τούτφ
644 513 927 600 καταπληξόμενοι
953 518 1033 592 τοὺς
1059 517 1160 581 ἔνδον

142 621 199 688 καὶ
221 621 465 707 ἀναγκάσοντες
486 622 696 709 παραδοῦναι
719 625 814 708 σφίσι
836 623 877 687 τά
900 621 994 687 ὅπλα.
1031 633 1100 699 τοῖς
1123 619 1154 686 δ’

143 730 208 814 άρα
235 729 318 814 πρὸς
340 724 406 813 ’μὲν
433 729 495 812 τὴν
523 730 700 813 συμφοράν
727 739 795 794 τῶν
823 727 1046 794 ἀπολωλότων
1068 730 1161 808 ἔλεός

114 859 193 914 ετις
219 833 365 920 παρέστη
392 831 448 900 καὶ
475 832 677 900 ἀνεκλάοντο
706 834 817 900 αὐτῶν
844 835 907 919 τὴν
928 836 1048 920 τύχην,
1076 837 1161 918 πρὸς

144 939 182 1008 δέ
204 945 264 1009 τὸν
288 941 401 1025 ἀγῶνα
423 941 552 1027 θράσος
575 942 753 1008 διπλάσιον
771 939 886 1027 ἐνέφυ,
908 939 1042 1007 καὶτοῦ
1061 950 1160 1006 νικᾶν

144 1049 165 1134 ἢ
188 1051 248 1114 τὸν
271 1048 373 1115 αὐτὸν
395 1046 533 1125 ἐκείνοις
555 1051 680 1138 τρόπον
703 1046 907 1132 ἀποθανεῖν,
929 1045 1009 1133 πρὶν
1033 1050 1079 1124 εἰς
1100 1068 1161 1113 πο-

107 1157 267 1240 2λεμίων
294 1166 405 1240 χεῖρας
431 1153 563 1238 ἐλθεῖν,
589 1157 689 1232 καλὸς
717 1158 808 1238 ἔρως.
854 1153 985 1238 ἐκείνην
1012 1150 1074 1238 μὲν
1097 1148 1160 1219 οὖν

142 1261 205 1345 τὴν
232 1261 337 1327 νύκτα
363 1263 778 1348 παρεστρατοπεδευκότων
801 1269 847 1349 τῷ
870 1260 989 1346 χάρακι
1011 1271 1079 1326 τῶν
1100 1280 1161 1325 πο-

106 1393 131 1434 ιο
145 1369 270 1453 λεμίων
292 1369 462 1455 ἀγρυπνοί
481 1390 515 1432 τε
538 1368 575 1433 οί
589 1364 744 1453 Ῥωμαῖοι
761 1363 816 1433 καί
836 1366 1102 1445 ἐπισκευάζοντες
1119 1367 1161 1431 τά

144 1477 353 1559 πεπονηκότα
379 1483 440 1540 τοῦ
467 1472 611 1562 χάρακος
635 1470 839 1557 διετέλεσαν,
866 1469 956 1539 τότ’
984 1475 1083 1558 ἀλλα,
1110 1464 1162 1550 οἷς

145 1579 323 1666 ἀπερύκειν
346 1581 485 1664 ἔμελλον
508 1579 642 1663 αύτούς,
665 1581 697 1645 εί
717 1584 910 1665 πειραθεῖεν
932 1579 1034 1645 πάλιν
1055 1597 1234 1664 naxo-1926

145 1697 263 1772 μαχελν
285 1687 392 1751 πολλὰ
413 1683 470 1752 καί
492 1698 635 1753 παντοία
656 1685 931 1772 εὐτρεπιζόμενοι.
972 1693 1010 1770 τῇ
1035 1683 1064 1750 δ’
1086 1683 1161 1769 ἐξης

144 1794 182 1858 αί
201 1816 236 1858 τε
259 1789 443 1880 προσβολαί
461 1792 563 1858 πάλιν
581 1792 745 1877 ἐγίνοντο,
769 1791 826 1859 καὶ
844 1793 862 1860 ό
881 1790 983 1878 χάραξ
1003 1792 1158 1857 διεσπᾶτο

104 1923 131 1965 ιε
144 1899 227 1966 κατὰ
249 1899 356 1966 πολλὰ
379 1895 475 1986 μέρη·
498 1894 555 1964 καὶ
577 1899 735 1976 πολλάκις
753 1894 815 1983 μὲν
833 1898 898 1964 ὑπὸ
916 1908 984 1962 τῶν
1003 1896 1160 1976 ἐξιόντων

144 2006 225 2073 κατά
248 2006 437 2091 συστροφάς
460 2002 496 2070 ἐκ
518 2012 579 2071 τοῦ
602 2005 744 2091 χάρακος
767 2004 1034 2093 ἐξεκρούσθησαν
1053 2004 1088 2070 οί
1099 2005 1161 2068 Αί-

144 2117 250 2197 κανοί,
273 2113 432 2189 πολλάκις
455 2107 485 2176 δ’
509 2110 719 2196 ἀνεκόπησαν
741 2109 798 2178 ὑπ’
819 2111 956 2177 ἐκείνων
979 2111 1015 2176 οἱ
1032 2111 1161 2193 θρασύ-

11 2211 12 2238 ἐ
108 2227 242 2305 3τερον
265 2216 454 2297 ἐπεξιόντες.
496 2213 672 2283 καὶτοῦτο
697 2214 740 2281 δι’
768 2215 847 2300 ὅλης
869 2225 926 2301 τῆς
948 2215 1071 2303 ἡμέρας
1094 2214 1160 2301 ἐγί-

11 2307 12 2314 ¹
143 2343 232 2390 νετο·
264 2325 349 2390 ἔνθα
376 2323 395 2388 ὅ
422 2321 457 2389 θ’
484 2324 608 2401 ύπατος
631 2324 649 2390 ό
672 2333 740 2390 τῶν
758 2320 929 2408 Ῥωμαίων
952 2326 1079 2413 σαυνίῳ
1103 2324 1160 2388 διδι

104 2456 130 2497 εο
143 2437 204 2496 τοῦ
227 2435 356 2516 θυρεοῦ
380 2427 638 2517 διαπερονηθεὶς
654 2430 866 2516 τιτρώσκεται
885 2430 943 2495 τὸν
963 2433 1080 2517 μηρόν,
1103 2428 1160 2495 καὶ

142 2539 239 2605 ἀλλοι
258 2534 376 2621 συχνοὶ
393 2547 461 2601 τῶν
479 2534 663 2620 ἐπιφανῶν,
682 2536 755 2602 ὅσοι
774 2533 850 2619 περὶ
864 2536 968 2604 αὐτὸν
982 2536 1159 2622 ἐμάχοντο·

142 2644 207 2728 ἤδη
236 2639 273 2708 δὲ
301 2653 370 2720 τοῖς
387 2640 558 2727 Ῥωμαίοις
581 2641 796 2727 ἀπειρηκόσιν
819 2640 1068 2729 ἀπροσδόκητος
1090 2642 1160 2709 ἐπι-

33 2805 37 2810 .
143 2753 297 2835 φαίνεται
325 2748 401 2835 περὶ
429 2749 544 2832 δείλην
571 2749 673 2829 ὀψίαν
694 2749 845 2835 προσιὼν
868 2752 1040 2834 Κοίντιος,
1067 2751 1159 2833 άγων

142 2857 203 2940 τὴν
240 2853 438 2924 ἐθελούσιον
475 2854 669 2943 ἐπικουρίαν
704 2865 772 2922 τῶν
809 2854 1057 2941 ἀκμαιοτάτων,
1098 2856 1157 2934 οὓς

104 2989 131 3030 ει
146 2963 274 3040 ἰδόντες
306 2962 341 3028 οἱ
370 2960 522 3046 πολέμιοι
554 2965 753 3050 προσιόντας
785 2960 990 3049 ἀνέστρεφον
1020 2960 1159 3047 ἀφέντες

214 3231 230 3279 2
254 3233 336 3280 τοῦτο
355 3226 402 3279 Ba
484 3232 501 3279 4
524 3227 589 3294 post
600 3224 658 3350 μὲν
677 3241 777 3280 rasura
794 3224 852 3281 fere
872 3231 941 3281 6-8
960 3224 1016 3281 litt.
1035 3225 1058 3278 Β
1142 3232 1158 3281 5

143 3296 301 3352 ἀνεκλῶντο
320 3296 345 3350 A
366 3294 582 3370 ἀνεκλ<ά>οντο

143 3385 204 3422 κειν
225 3368 300 3422 ABb
323 3367 524 3437 ἀκοκηρύττειν
548 3366 594 3423 vel
615 3366 787 3437 ἀποκρούων
805 3367 851 3423 Ba
875 3366 1047 3438 ἀποκρούων
1065 3366 1160 3422 Κιεεε·

143 3435 205 3507 ling
279 3442 311 3492 18
337 3433 446 3507 ἐγένετο
465 3438 542 3493 ABa
615 3445 647 3494 19
667 3440 784 3493 σαννίον
805 3469 838 3480 -
858 3436 1159 3510 διαπερονηθέντοςΒ

145 3513 179 3562 22
199 3503 325 3582 ἐπιφ<αί
328 3507 428 3581 >νετοιι
446 3509 469 3562 Β

629 3297 648 3350 b
721 3302 755 3350 10
775 3293 805 3350 οί
821 3297 885 3352 add.
905 3297 928 3350 B
1001 3302 1034 3350 12
1054 3295 1160 3378 ἀπερύ-
