2660 3976
547 275 710 324 -z-
883 254 885 258 ’
1073 271 1135 336 ιοι

119 433 265 518 Λάρκιος
290 434 439 511 Φλαύιος
461 435 499 499 τὸ
524 434 692 517 δεύτερον.
737 431 876 519 ταραχαί
899 431 940 500 δέ
960 459 1048 512 τινες
1069 432 1138 500 ἐνέ-

118 561 239 606 πιπτον
263 539 300 606 ἐκ
323 540 489 625 δειμάτων
512 541 696 625 δαιμονίων
717 549 756 625 τη
775 543 870 606 πόλει
889 545 1022 626 συχναί·
1046 543 1140 620 ὄψεις

119 669 152 712 τε
182 648 247 731 γὰρ
278 646 339 713 αύκ
369 649 524 713 εἰωθυῖαι
554 645 732 731 ἐφαίνοντο
761 651 913 729 πολλοῖς,
942 646 998 712 καλ
1026 645 1138 732 φωναὶ

119 752 282 836 ἠκούοντο
313 752 452 831 οὐδενὸς
482 755 578 830 ὄντος
606 761 667 819 τοῦ
696 753 949 839 φθεγγομένου,
980 757 1082 838 γοναί
1105 752 1133 818 τ’

119 858 311 944 ἀνθρώπων
338 857 393 924 καὶ
421 859 640 944 βοσκημάτων
667 861 753 925 πολὺ
780 858 817 924 ἐκ
843 868 904 926 τοῦ
928 860 1138 946 κατὰφύσιν
1166 881 1178 920 ε

119 963 331 1050 ἐκβεβηκυῖαι
353 967 402 1042 είς
423 967 460 1031 τὸ
482 966 622 1031 ἄπιστόν
639 988 675 1032 τε
693 962 749 1030 καλ
766 967 947 1048 τερατῶδες
965 964 1138 1052 ἐφέροντο,

118 1075 265 1157 χρησμοί
288 1069 317 1136 τ’
342 1069 468 1158 ᾔδοντο
490 1069 528 1137 έν
550 1076 687 1148 πολλοῖς
709 1073 859 1158 χωρίοις,
885 1070 941 1139 καὶ
963 1079 1139 1158 θειασμοῖς

118 1179 254 1262 κάτοχοι
283 1189 438 1262 γυναῖκες
467 1179 600 1263 οἰκτρὰς
628 1177 848 1263 ἐμαντεύοντο
876 1176 931 1243 καὶ
959 1180 1072 1256 δεινὰς
1098 1187 1137 1265 τῇ

31 1285 34 1294 ’
118 1287 212 1350 πόλει
243 1285 351 1369 τύχας.
397 1284 505 1367 ἥψατο
537 1282 579 1349 δέ
604 1306 654 1360 τις
682 1281 738 1349 καὶ
766 1287 867 1360 νόσος
895 1293 957 1350 τοῦ
986 1282 1173 1367 πλύθουςθ

119 1391 252 1474 λοιμικὴ
276 1388 331 1455 καὶ
353 1391 483 1475 πολλὴν
505 1389 638 1473 ἐποίησε
660 1389 880 1475 βοσκημάτων
902 1391 1051 1476 φθοράν·
1080 1390 1139 1456 άν-
1153 1414 1179 1453 ιο

118 1497 268 1578 θρώπων
290 1494 404 1581 μέντοι
426 1497 574 1574 θάνατος
597 1494 638 1560 ού
661 1498 766 1573 πολὺς
788 1492 935 1579 ἐγένετο,
962 1493 1034 1562 ἀλλ’
1062 1497 1138 1582 άχρι

19 1637 20 1642 1
120 1605 231 1669 νόσων
258 1604 295 1668 τὸ
324 1603 438 1668 δεινὸν
466 1601 646 1688 ἐχώρησεν·
674 1611 744 1679 τοῖς
766 1597 827 1687 μὲν
851 1602 892 1686 δὴ
916 1600 1007 1668 ταῦτ’
1032 1601 1138 1670 ἐδόκει

119 1709 200 1773 κατὰ
223 1714 310 1774 θεοῦ
332 1704 493 1792 γενέσθαι
515 1709 653 1793 γνώμην
674 1719 892 1792 νεμεσῶντος,
915 1709 965 1774 ὅτι
988 1710 1048 1775 τὸν
1067 1709 1139 1793 ύρι-

59 1831 204 1882 ιεσεστον
235 1824 304 1879 τῶν
335 1818 482 1880 πολιτῶν
514 1812 678 1897 ἐξήλασαν
708 1822 766 1897 τῆς
796 1815 970 1899 πατρίδος,
1005 1825 1075 1892 τοῖς
1104 1812 1134 1880 δ’

119 1917 227 1987 ούθέν·
251 1930 319 1985 τῶν
346 1916 534 2004 γινομένων
561 1925 646 1986 θεοῦ
674 1922 790 2006 ἔργον,
819 1918 904 1986 ἀλλὰ
930 1921 1056 2006 τυχηρὰ
1083 1919 1179 2016 Q

117 2037 220 2092 ταῦτα
245 2024 300 2092 καλ
322 2019 425 2092 τᾶλλα
445 2024 553 2091 πάντα
571 2024 764 2111 ἀνθρώπεια
782 2021 870 2092 εἶναι
888 2024 991 2109 πάθη.
1027 2027 1133 2091 ἔπειθ’
1153 2027 1173 2090 3

118 2128 179 2217 ἧκέ
189 2156 245 2210 τις
268 2129 321 2198 ἐπὶ
339 2135 377 2198 τὸ
398 2129 577 2216 συνέδριον
594 2141 653 2215 τῆς
669 2135 794 2216 βουλῆς
811 2133 980 2218 ἄρρωστος
998 2130 1051 2198 ἐπὶ
1069 2138 1139 2198 κλι-

118 2241 230 2305 νιύίον
249 2240 474 2322 κομιζόμενος,
497 2241 593 2315 Τίτος
608 2241 764 2316 Λατίνιος
782 2239 899 2323 ὄνομα,
916 2240 1139 2325 πρεσβύτερός

118 2343 144 2410 τ’
176 2344 265 2430 ἀνὴρ
292 2343 347 2410 καὶ
375 2344 490 2421 ούσίας
516 2345 631 2428 λκανης
657 2345 788 2431 κύριος,
815 2343 1001 2429 αὐτουργὸς
1023 2342 1061 2410 δὲ
1083 2344 1139 2412 καὶ

117 2453 177 2518 τὸν
205 2454 308 2517 πλείω
335 2454 459 2536 χρόνον
486 2460 548 2517 τοῦ
576 2454 653 2535 βίον
678 2453 742 2529 ζῶν
765 2449 802 2515 ἐν
825 2449 925 2538 ἀγρῷ.
971 2446 1068 2529 οὗτος
1090 2454 1138 2529 είς
1152 2477 1178 2518 εο

118 2560 179 2643 τὴν
202 2557 332 2649 βουλὴν
355 2555 503 2642 ἐνεχθείς
526 2559 588 2642 ἔφη
613 2555 707 2635 δόξαι
729 2554 810 2623 καθ’
830 2556 938 2624 ύπνον
961 2557 1138 2624 ἐπιστάντα

118 2667 176 2732 τὸν
200 2665 414 2730 Καπιτώλιον
436 2666 506 2728 Δία
528 2661 637 2747 λέγειν
661 2663 764 2750 αύτῷ·
789 2661 874 2747 Ἴθι,
901 2667 1055 2747 Λατίνιε,
1082 2661 1138 2729 καὶ

119 2769 193 2856 λέγε
225 2781 295 2847 τοϊς
326 2773 489 2854 πολίταις,
521 2769 572 2835 ὅτι
602 2793 658 2854 μοι
685 2779 744 2853 τῆς
770 2767 890 2835 νεωστὶ
921 2778 1052 2855 πομπῆς
1078 2771 1144 2836 τὸν.

117 2877 308 2963 ἡγούμενον
331 2875 497 2962 ὀρχηστὴν
520 2874 562 2941 οὐ
585 2877 687 2941 καλὸν
711 2876 856 2960 ἔδωκαν,
878 2873 923 2941 ἵν’
945 2874 1138 2940 ἀναθῶνται

118 2985 176 3062 τάς
199 2981 316 3070 ἑορτὰς
337 2980 393 3048 καλ
416 2980 449 3060 ἐξ
473 2981 574 3069 ἀρχῆς
597 2979 709 3067 ἑτέρας
731 2979 975 3048 ἐπιτελέσωσιν·
1009 2979 1050 3046 οὐ
1072 2981 1136 3066 γὰρ
1151 3007 1177 3048 τε

190 3182 205 3229 5
225 3171 244 3242 ἢ
257 3171 442 3266 βοσκημάτων
458 3171 480 3228 Ο
495 3173 544 3228 καλ
558 3172 741 3246 βοσκημάτων
756 3170 879 3228 Sintenis
889 3171 949 3228 Em.
960 3171 1043 3229 Dion.
1053 3171 1093 3226 III
1105 3178 1135 3227 11

121 3251 153 3301 15
176 3244 291 3319 ἀλλ<α>
313 3253 484 3312 ...ταστα,
508 3260 606 3298 rasura
630 3243 770 3312 sequitur,
793 3243 822 3298 in
842 3259 898 3311 qua
916 3242 966 3297 καλ
983 3242 1077 3299 πάντα
1095 3243 1136 3298 vi-

120 3318 222 3372 dentur
240 3316 348 3386 scripta
366 3315 462 3381 fuisso,
481 3315 583 3370 deinde
602 3313 696 3370 πάντα
714 3316 774 3370 ἀνθ
792 3315 882 3369 άπεια
895 3313 942 3368 Ba
960 3313 1031 3368 ἀλλὰ
1048 3322 1137 3370 ταῦτα

120 3388 212 3443 πάντα
235 3387 282 3442 Bb
306 3386 413 3458 τοχηρά
435 3386 485 3440 καλ
503 3386 577 3457 Cmg
599 3385 648 3441 καλ
665 3386 752 3440 τάλλα
770 3335 845 3455 gmg
919 3391 952 3441 18
975 3385 1136 3448 ΛατῖνοςΟ

120 3461 252 3522 Λατίνιος
275 3457 419 3527 Kiessling
490 3463 524 3512 22
548 3461 651 3512 Λατῖνε
673 3473 729 3510 ras.
753 3473 788 3511 ex
810 3457 925 3512 Λατίνιε
948 3456 971 3510 Β
1044 3463 1078 3512 23
1104 3463 1137 3528 τῇ

122 3562 153 3573 -
172 3536 270 3600 πομπῇ
291 3531 313 3584 O
333 3535 382 3598 τῆς
401 3559 434 3569 -
453 3535 566 3598 πομπῆς
583 3526 712 3582 Hertlein
730 3527 847 3582 Hermes
866 3527 892 3581 X
910 3533 963 3582 417
987 3556 992 3564 ·
