2674 3978
535 263 696 312 -z-
1080 259 1121 326 ιτ

98 423 276 487 δεσποτῶν
295 417 350 484 καὶ
369 423 447 498 τοὺς
466 419 502 485 ἐκ
520 432 587 486 τῶν
602 421 838 509 δεσμωτηρίων
856 425 993 502 λύοντες
1011 426 1122 491 καθά-

98 531 231 610 πλιζον,
254 524 310 592 καὶ
329 526 391 591 ὅσα
409 527 454 611 μή
473 527 631 593 δύναιντο
653 527 768 616 φέρειν
785 552 820 594 τε
839 527 895 595 καὶ
913 532 1006 614 ἀγειν
1031 533 1122 618 [χρή-

48 649 190 718 ιῖῖῖματα
222 630 278 699 καὶ
311 634 513 717 βοσκήματα]
546 634 587 699 τά
620 630 681 718 μὲν
715 634 977 721 ἐνεπίμπρασαν,
1012 639 1052 702 τά
1085 634 1123 704 δὲ

99 738 341 824 κατέσφαττον.
382 738 601 831 ἀπορουμένῳ
631 737 669 805 δέ
690 750 736 829 τῳ
760 743 930 833 τυράννῳ,
956 747 1032 809 τίνα
1058 745 1161 832 χρήὸ

99 851 230 933 τρόπον
257 846 370 924 αὐτοῖς
395 852 552 932 πολεμεῖν
580 848 636 912 διά
662 850 700 913 τὸ
728 847 802 933 μήτ’
830 848 866 915 έκ
888 860 949 916 τοῦ
972 861 1122 937 φανεροῦ
1149 871 1163 914 ε

99 955 159 1030 τὰς
184 953 404 1039 ἐπιχειρήσεις
426 952 549 1030 αὐτοὺς
571 959 742 1019 ποιεῖσθαι
764 951 839 1038 μήτ’
862 954 899 1020 έν
919 966 988 1034 τοῖς
1008 957 1123 1035 αὐτοῖς

100 1063 271 1145 χρονίζειν
293 1063 418 1144 τόποις,
442 1059 525 1124 ἀλλά
543 1057 639 1125 νυκτὶ
658 1056 719 1144 μὲν
738 1061 785 1138 είς
803 1063 941 1149 ὄρθρον,
963 1062 1069 1152 ἡμέρῳ
1088 1061 1119 1129 δ’

100 1169 148 1244 είς
176 1166 284 1232 νύκτα
311 1173 571 1252 συμμετρεῖσθαι
602 1168 660 1244 τάς
690 1166 852 1253 ἐφόδους,
882 1167 938 1234 καὶ
964 1171 1123 1250 πολλάκις

101 1271 337 1338 ἀποστείλαντι
367 1276 446 1350 τοὺς
478 1275 677 1360 στρατιώτας
706 1272 759 1339 ε’πὶ
786 1274 848 1357 τήν
875 1277 1037 1359 βοήθειαν
1065 1287 1122 1363 τής

101 1381 213 1466 χώρας
237 1381 293 1445 διὰ
315 1387 424 1463 κενής,
447 1382 666 1467 παραγίνεταί
684 1403 734 1457 τις
756 1379 789 1458 ἐξ
811 1379 921 1447 αὐτῶν
944 1380 1122 1467 ᾐκισμένος
1135 1408 1162 1447 10

100 1489 137 1552 τὸ
167 1497 265 1571 σῶμα
296 1484 448 1570 μάστιξιν
478 1485 673 1564 ἀποσταλεὶς
699 1487 765 1554 ὑπὸ
792 1499 859 1553 τῶν
886 1489 1049 1574 φυγάδων
1077 1491 1121 1568 ὡς

102 1590 304 1676 αὐτόμολος,
318 1593 355 1669 ὃς
371 1593 488 1657 ἀδειαν
502 1593 720 1678 αἰτησάμενος
733 1590 892 1680 ὑπέσχετο
906 1602 951 1683 τῷ
965 1596 1120 1686 τυράννῳ

100 1699 306 1784 παραλαβὼν
333 1700 396 1782 τήν
424 1697 739 1784 ἀποσταλησομένην
767 1703 831 1766 σὺν
859 1701 948 1788 αὐτῷ
976 1703 1120 1786 δύναμιν

101 1805 195 1883 άξειν
220 1802 356 1871 έπὶδτὸν
373 1807 489 1890 τόπον,
512 1805 549 1871 έν
568 1800 594 1893 ᾧ
613 1808 673 1890 τήν
693 1805 852 1872 έπιοῦσαν
871 1809 1010 1891 ἔμελλον
1028 1809 1121 1874 αύλί-

103 1915 221 1989 ζεσθαι
248 1912 352 1978 νύκτα
379 1913 415 1977 οί
438 1913 595 1997 φυγάδες.
639 1905 664 2000 ᾧ
692 1923 867 1978 πιστεῦσαι
892 1911 1073 2000 προαχθεὶς
1100 1899 1160 2013 ὃς),
1191 1903 1192 1906 ¹

101 2020 267 2101 τύραννος
288 2020 438 2084 αἰτοῦντι
461 2015 566 2085 οὐθὲν
588 2017 643 2085 καὶ
666 2022 703 2086 τὸ
732 2017 852 2086 ἑαυτοῦ
876 2031 970 2104 σῶμα
993 2021 1119 2105 ὅμηρον

101 2122 318 2214 παρεχομένῳ
344 2123 464 2210 πέμπει
495 2128 574 2203 τοὺς
605 2127 820 2204 πιστοτάτους
851 2137 919 2192 τῶν
945 2127 1119 2211 ἡγεμόνων

102 2232 247 2314 ἀγοντας
270 2231 378 2308 ἱππεῖς
399 2256 435 2297 τε
457 2235 602 2310 πολλοὺς
625 2230 679 2297 καὶ
702 2235 763 2317 τήν
782 2236 994 2319 μισθοφόρον
1019 2235 1120 2299 δύνα-

104 2360 174 2421 μιν,
193 2327 243 2414 οἷς
262 2336 445 2404 ἐνετείλατο
463 2339 604 2422 μάλιστα
622 2335 684 2422 μὲν
698 2339 844 2416 ἅπαντας
862 2343 939 2416 τοὺς
957 2341 1120 2425 φυγάδας,

103 2445 134 2508 εί
162 2440 200 2508 δέ
228 2447 273 2528 μή
299 2440 333 2526 γ’
365 2445 410 2522 ὡς
435 2448 609 2521 πλείστους
641 2443 673 2522 ἐξ
705 2444 816 2510 αὐτῶν
846 2446 1011 2528 δήσαντας
1037 2451 1119 2533 πρὸς
1133 2470 1159 2510 εο

49 2551 208 2618 ιεεεαύτὸν
226 2552 329 2634 ἀγειν.
367 2552 385 2617 ὁ
404 2547 465 2636 μὲν
480 2546 542 2617 οὖν
556 2554 817 2628 κατασκευαστὸς
835 2552 1020 2637 αὐτόμολος
1038 2555 1119 2620 κατά

105 2655 131 2722 τ’
164 2656 308 2743 ἀτριβεῖς
340 2658 440 2735 ὁδοὺς
472 2655 527 2723 καὶ
561 2659 616 2722 διά
647 2660 784 2745 δρυμῶν
811 2657 944 2744 ἐρήμων
971 2653 1030 2742 ήγε
1058 2662 1119 2743 τήν

107 2765 262 2848 στρατιὰν
283 2769 559 2847 ταλαιπωροῦσαν
583 2761 627 2829 δι’
650 2765 729 2849 ὅλης
750 2767 869 2841 νυκτὸς
891 2763 945 2830 ἐπὶ
967 2766 1007 2829 τὰ
1029 2771 1120 2830 πλεῖ-

107 2886 184 2935 στον
207 2867 371 2956 ἀπέχοντα
393 2879 451 2954 τῆς
472 2874 598 2948 πόλεως
621 2871 712 2960 μέρη.

170 2974 226 3040 XI.
257 2977 302 3040 Οί
327 2972 357 3040 δ’
384 2975 565 3042 ἀποστάται
592 2999 627 3042 τε
654 2975 709 3042 καὶ
737 2976 884 3060 φυγάδες
911 2976 948 3042 ἐν
976 2985 1021 3064 τῷ
1042 2975 1118 3060 περὶ
1132 3002 1159 3044 ετ

106 3085 163 3148 τὸν
180 3079 325 3166 ’Ἁορνον
352 3083 423 3168 όρει
449 3087 592 3167 πλησίον
619 3084 692 3149 όντι
718 3091 776 3167 τής
797 3085 924 3160 πόλεως
946 3087 1119 3170 λοχῶντες,

175 3244 191 3292 2
210 3236 339 3308 χρήματα
357 3237 407 3293 καὶ
425 3237 589 3311 βοσκήματα
607 3239 660 3295 del.
679 3239 768 3295 Cobet
783 3239 849 3294 Obs.
864 3258 891 3309 p.
908 3247 958 3296 13⁷
1013 3247 1030 3295 4
1048 3249 1118 3312 χρήν

108 3310 128 3362 Β
199 3314 233 3362 10
252 3310 386 3378 διακενῆς
403 3309 451 3364 ΑΒ
534 3317 567 3364 13
586 3311 702 3383 αύτῷΒ
784 3315 817 3365 15
835 3311 1028 3382 προαχθεὶςΒ
1046 3331 1119 3382 παρ-

107 3379 204 3449 αχθεὶς
219 3383 243 3432 R
305 3385 338 3434 21
354 3380 566 3444 κατασκευάσας
583 3390 671 3437 ταῦτα
685 3385 710 3436 Α
773 3389 806 3436 22
821 3383 947 3455 ἀκριβεῖς
963 3383 1012 3436 ΑΒ
1084 3389 1118 3437 23

108 3451 278 3576 ῳροχτ<ι>αν
295 3450 338 3505 Bb
424 3457 458 3507 25
477 3472 507 3507 τε
526 3453 590 3507 add.
609 3453 632 3506 B
718 3459 753 3508 26
772 3457 909 3523 λαχῶντες
926 3454 970 3507 Aa
988 3453 1119 3523 λαχόντες

157 3620 257 3661 mom.
270 3620 333 3661 Hm.
348 3621 392 3662 111.
419 3633 460 3664 ln.
473 3624 574 3664 JAconr.
942 3618 957 3665 2
