<?xml version="1.0" encoding="UTF-8"?>
<!DOCTYPE html PUBLIC "-//W3C//DTD XHTML 1.0 Transitional//EN"
    "http://www.w3.org/TR/xhtml1/DTD/xhtml1-transitional.dtd">
<html xmlns="http://www.w3.org/1999/xhtml" xml:lang="en" lang="en">
 <head>
  <title>
</title>
<meta http-equiv="Content-Type" content="text/html;charset=utf-8" />
  <meta name='ocr-system' content='tesseract 3.04.00' />
  <meta name='ocr-capabilities' content='ocr_page ocr_carea ocr_par ocr_line ocrx_word'/>
</head>
<body>
  <div class='ocr_page' id='page_1' title='image "./dionysihalicarn00unkngoog/dionysihalicarn00unkngoog_0401.png"; bbox 0 0 2656 3974; ppageno 0'>
   <div class='ocr_carea' id='block_1_1' title="bbox 538 232 1131 312">
    <p class='ocr_par' dir='ltr' id='par_1_1' title="bbox 538 232 1131 312">
     <span class='ocr_line' id='line_1_1' title="bbox 538 232 1131 312; baseline -0.002 -13"><span class='ocrx_word' id='word_1_1' title='bbox 538 233 705 287; x_wconf 83' lang='grc' dir='ltr'><strong><em>-Θ-</em></strong></span> <span class='ocrx_word' id='word_1_2' title='bbox 978 307 980 312; x_wconf 52' lang='grc'><strong><em>,</em></strong></span> <span class='ocrx_word' id='word_1_3' title='bbox 1064 232 1131 299; x_wconf 83' lang='grc'><strong><em>383</em></strong></span> 
     </span>
    </p>
   </div>
   <div class='ocr_carea' id='block_1_2' title="bbox 18 389 1247 2931">
    <p class='ocr_par' dir='ltr' id='par_1_2' title="bbox 51 389 1174 1545">
     <span class='ocr_line' id='line_1_2' title="bbox 116 389 1131 483; baseline 0.003 -24"><span class='ocrx_word' id='word_1_4' title='bbox 116 396 262 480; x_wconf 75' lang='grc' dir='ltr'><strong><em>θεωρίας</em></strong></span> <span class='ocrx_word' id='word_1_5' title='bbox 276 394 437 479; x_wconf 90' lang='grc' dir='ltr'><strong><em>δημόσιόν</em></strong></span> <span class='ocrx_word' id='word_1_6' title='bbox 450 417 485 460; x_wconf 89' lang='grc' dir='ltr'><strong><em>τε</em></strong></span> <span class='ocrx_word' id='word_1_7' title='bbox 500 391 556 461; x_wconf 84' lang='grc' dir='ltr'><strong><em>καλ</em></strong></span> <span class='ocrx_word' id='word_1_8' title='bbox 571 395 674 481; x_wconf 89' lang='grc' dir='ltr'><strong><em>ίερόυ,</em></strong></span> <span class='ocrx_word' id='word_1_9' title='bbox 686 395 727 460; x_wconf 87' lang='grc' dir='ltr'><strong><em>τά</em></strong></span> <span class='ocrx_word' id='word_1_10' title='bbox 740 389 770 460; x_wconf 89' lang='grc' dir='ltr'><strong><em>τ’</em></strong></span> <span class='ocrx_word' id='word_1_11' title='bbox 788 393 987 483; x_wconf 77' lang='grc' dir='ltr'><strong><em>ἐργαστήρια</em></strong></span> <span class='ocrx_word' id='word_1_12' title='bbox 1001 395 1131 482; x_wconf 79' lang='grc' dir='ltr'><strong><em>(πλήρη</em></strong></span> 
     </span>
     <span class='ocr_line' id='line_1_3' title="bbox 116 498 1132 588; baseline 0.001 -21"><span class='ocrx_word' id='word_1_13' title='bbox 116 500 226 586; x_wconf 80' lang='grc' dir='ltr'><strong><em>ὁρῶν)</em></strong></span> <span class='ocrx_word' id='word_1_14' title='bbox 254 501 383 566; x_wconf 73' lang='grc' dir='ltr'><strong><em>ἅπαντα</em></strong></span> <span class='ocrx_word' id='word_1_15' title='bbox 410 506 599 586; x_wconf 79' lang='grc' dir='ltr'><strong><em>πολεμικῶν</em></strong></span> <span class='ocrx_word' id='word_1_16' title='bbox 626 501 753 587; x_wconf 83' lang='grc' dir='ltr'><strong><em>ὅπλων,</em></strong></span> <span class='ocrx_word' id='word_1_17' title='bbox 783 512 850 567; x_wconf 79' lang='grc' dir='ltr'><strong><em>τῶν</em></strong></span> <span class='ocrx_word' id='word_1_18' title='bbox 878 498 939 586; x_wconf 75' lang='grc' dir='ltr'><strong><em>μὲν</em></strong></span> <span class='ocrx_word' id='word_1_19' title='bbox 964 503 1028 588; x_wconf 87' lang='grc' dir='ltr'><strong><em>ήδη</em></strong></span> <span class='ocrx_word' id='word_1_20' title='bbox 1053 518 1132 569; x_wconf 92' lang='grc' dir='ltr'><strong><em>συν-</em></strong></span> 
     </span>
     <span class='ocr_line' id='line_1_4' title="bbox 115 605 1133 696; baseline 0.003 -24"><span class='ocrx_word' id='word_1_21' title='bbox 115 605 372 692; x_wconf 76' lang='grc' dir='ltr'><strong><em>τετελεσμένων,</em></strong></span> <span class='ocrx_word' id='word_1_22' title='bbox 395 617 463 674; x_wconf 82' lang='grc' dir='ltr'><strong><em>τῶν</em></strong></span> <span class='ocrx_word' id='word_1_23' title='bbox 486 605 517 673; x_wconf 89' lang='grc' dir='ltr'><strong><em>δ’</em></strong></span> <span class='ocrx_word' id='word_1_24' title='bbox 545 610 593 674; x_wconf 90' lang='grc' dir='ltr'><strong><em>έτι</em></strong></span> <span class='ocrx_word' id='word_1_25' title='bbox 616 606 652 674; x_wconf 83' lang='grc' dir='ltr'><strong><em>ἐν</em></strong></span> <span class='ocrx_word' id='word_1_26' title='bbox 676 605 792 696; x_wconf 81' lang='grc' dir='ltr'><strong><em>χερσὶν</em></strong></span> <span class='ocrx_word' id='word_1_27' title='bbox 815 609 939 691; x_wconf 87' lang='grc' dir='ltr'><strong><em>όντων,</em></strong></span> <span class='ocrx_word' id='word_1_28' title='bbox 962 611 1048 693; x_wconf 79' lang='grc' dir='ltr'><strong><em>ἔγνω</em></strong></span> <span class='ocrx_word' id='word_1_29' title='bbox 1069 610 1133 694; x_wconf 89' lang='grc' dir='ltr'><strong><em>τήν</em></strong></span> 
     </span>
     <span class='ocr_line' id='line_1_5' title="bbox 117 712 1168 802; baseline -0.001 -23"><span class='ocrx_word' id='word_1_30' title='bbox 117 714 270 780; x_wconf 88' lang='grc' dir='ltr'><strong><em>διάνοιαν</em></strong></span> <span class='ocrx_word' id='word_1_31' title='bbox 293 713 413 780; x_wconf 83' lang='grc' dir='ltr'><strong><em>αὐτῶν.</em></strong></span> <span class='ocrx_word' id='word_1_32' title='bbox 448 713 504 780; x_wconf 81' lang='grc' dir='ltr'><strong><em>καὶ</em></strong></span> <span class='ocrx_word' id='word_1_33' title='bbox 523 713 724 802; x_wconf 71' lang='grc' dir='ltr'><strong><em>ἀφικόμενος</em></strong></span> <span class='ocrx_word' id='word_1_34' title='bbox 741 716 789 793; x_wconf 92' lang='grc' dir='ltr'><strong><em>είς</em></strong></span> <span class='ocrx_word' id='word_1_35' title='bbox 807 716 868 800; x_wconf 88' lang='grc' dir='ltr'><strong><em>τήν</em></strong></span> <span class='ocrx_word' id='word_1_36' title='bbox 881 712 1009 800; x_wconf 81' lang='grc' dir='ltr'><strong><em>Ῥώμην</em></strong></span> <span class='ocrx_word' id='word_1_37' title='bbox 1028 713 1168 801; x_wconf 84' lang='grc' dir='ltr'><strong><em>ἀπήγ-6</em></strong></span> 
     </span>
     <span class='ocr_line' id='line_1_6' title="bbox 115 816 1159 908; baseline -0.004 -22"><span class='ocrx_word' id='word_1_38' title='bbox 115 825 204 905; x_wconf 90' lang='grc' dir='ltr'><strong><em>γειλε</em></strong></span> <span class='ocrx_word' id='word_1_39' title='bbox 222 819 384 907; x_wconf 81' lang='grc' dir='ltr'><strong><em>πρὸςτήν</em></strong></span> <span class='ocrx_word' id='word_1_40' title='bbox 402 824 542 907; x_wconf 82' lang='grc' dir='ltr'><strong><em>βουλήν,</em></strong></span> <span class='ocrx_word' id='word_1_41' title='bbox 560 822 582 888; x_wconf 81' lang='grc' dir='ltr'><strong><em>ά</em></strong></span> <span class='ocrx_word' id='word_1_42' title='bbox 599 819 627 887; x_wconf 89' lang='grc' dir='ltr'><strong><em>τ’</em></strong></span> <span class='ocrx_word' id='word_1_43' title='bbox 645 824 768 908; x_wconf 87' lang='grc' dir='ltr'><strong><em>ήκουσε</em></strong></span> <span class='ocrx_word' id='word_1_44' title='bbox 784 819 840 888; x_wconf 79' lang='grc' dir='ltr'><strong><em>καὶ</em></strong></span> <span class='ocrx_word' id='word_1_45' title='bbox 854 821 875 888; x_wconf 82' lang='grc' dir='ltr'><strong><em>δ</em></strong></span> <span class='ocrx_word' id='word_1_46' title='bbox 889 816 966 888; x_wconf 85' lang='grc' dir='ltr'><strong><em>εἶδε.</em></strong></span> <span class='ocrx_word' id='word_1_47' title='bbox 996 821 1159 908; x_wconf 86' lang='grc' dir='ltr'><strong><em>κάκείνηι</em></strong></span> 
     </span>
     <span class='ocr_line' id='line_1_7' title="bbox 51 923 1133 1015; baseline 0.004 -24"><span class='ocrx_word' id='word_1_48' title='bbox 51 923 219 994; x_wconf 75' lang='grc' dir='ltr'><strong><em>ιειιούδδν</em></strong></span> <span class='ocrx_word' id='word_1_49' title='bbox 238 929 286 993; x_wconf 84' lang='grc' dir='ltr'><strong><em>ἔτι</em></strong></span> <span class='ocrx_word' id='word_1_50' title='bbox 305 925 506 994; x_wconf 77' lang='grc' dir='ltr'><strong><em>ἐνδοιάσασα</em></strong></span> <span class='ocrx_word' id='word_1_51' title='bbox 524 930 603 1006; x_wconf 86' lang='grc' dir='ltr'><strong><em>τοὺς</em></strong></span> <span class='ocrx_word' id='word_1_52' title='bbox 621 930 831 1014; x_wconf 79' lang='grc' dir='ltr'><strong><em>εἰρηνοδίκας</em></strong></span> <span class='ocrx_word' id='word_1_53' title='bbox 850 927 1034 1014; x_wconf 75' lang='grc' dir='ltr'><strong><em>ἐψηφίσατο</em></strong></span> <span class='ocrx_word' id='word_1_54' title='bbox 1052 927 1133 1015; x_wconf 90' lang='grc' dir='ltr'><strong><em>πέμ-</em></strong></span> 
     </span>
     <span class='ocr_line' id='line_1_8' title="bbox 114 1033 1133 1120; baseline 0.001 -21"><span class='ocrx_word' id='word_1_55' title='bbox 114 1056 191 1100; x_wconf 90' lang='grc' dir='ltr'><strong><em>πειν</em></strong></span> <span class='ocrx_word' id='word_1_56' title='bbox 219 1038 504 1117; x_wconf 77' lang='grc' dir='ltr'><strong><em>καταγγελοῦντας</em></strong></span> <span class='ocrx_word' id='word_1_57' title='bbox 531 1036 691 1113; x_wconf 75' lang='grc' dir='ltr'><strong><em>Αἰκανοῖς</em></strong></span> <span class='ocrx_word' id='word_1_58' title='bbox 719 1036 779 1100; x_wconf 91' lang='grc' dir='ltr'><strong><em>τὸυ</em></strong></span> <span class='ocrx_word' id='word_1_59' title='bbox 808 1037 971 1120; x_wconf 88' lang='grc' dir='ltr'><strong><em>πόλεμον,</em></strong></span> <span class='ocrx_word' id='word_1_60' title='bbox 1000 1033 1060 1100; x_wconf 86' lang='grc' dir='ltr'><strong><em>έάυ</em></strong></span> <span class='ocrx_word' id='word_1_61' title='bbox 1088 1037 1133 1120; x_wconf 88' lang='grc' dir='ltr'><strong><em>μή</em></strong></span> 
     </span>
     <span class='ocr_line' id='line_1_9' title="bbox 114 1136 1134 1236; baseline 0.001 -29"><span class='ocrx_word' id='word_1_62' title='bbox 114 1141 194 1218; x_wconf 83' lang='grc' dir='ltr'><strong><em>τούς</em></strong></span> <span class='ocrx_word' id='word_1_63' title='bbox 216 1137 244 1205; x_wconf 85' lang='grc' dir='ltr'><strong><em>τ’</em></strong></span> <span class='ocrx_word' id='word_1_64' title='bbox 263 1136 442 1206; x_wconf 85' lang='grc' dir='ltr'><strong><em>Ἀντιατῶν</em></strong></span> <span class='ocrx_word' id='word_1_65' title='bbox 465 1139 623 1236; x_wconf 79' lang='grc' dir='ltr'><strong><em>φυγάδας</em></strong></span> <span class='ocrx_word' id='word_1_66' title='bbox 641 1139 852 1206; x_wconf 77' lang='grc' dir='ltr'><strong><em>ἀπελάσωσιν</em></strong></span> <span class='ocrx_word' id='word_1_67' title='bbox 876 1139 912 1206; x_wconf 79' lang='grc' dir='ltr'><strong><em>ἐκ</em></strong></span> <span class='ocrx_word' id='word_1_68' title='bbox 930 1149 988 1225; x_wconf 78' lang='grc' dir='ltr'><strong><em>τῆς</em></strong></span> <span class='ocrx_word' id='word_1_69' title='bbox 1007 1143 1134 1221; x_wconf 86' lang='grc' dir='ltr'><strong><em>πόλεως</em></strong></span> 
     </span>
     <span class='ocr_line' id='line_1_10' title="bbox 114 1243 1134 1332; baseline 0 -19"><span class='ocrx_word' id='word_1_70' title='bbox 114 1245 172 1313; x_wconf 83' lang='grc' dir='ltr'><strong><em>καλ</em></strong></span> <span class='ocrx_word' id='word_1_71' title='bbox 194 1248 288 1324; x_wconf 88' lang='grc' dir='ltr'><strong><em>δίκας</em></strong></span> <span class='ocrx_word' id='word_1_72' title='bbox 310 1257 379 1325; x_wconf 79' lang='grc' dir='ltr'><strong><em>τοῖς</em></strong></span> <span class='ocrx_word' id='word_1_73' title='bbox 402 1245 614 1332; x_wconf 75' lang='grc' dir='ltr'><strong><em>ἠδικημένοις</em></strong></span> <span class='ocrx_word' id='word_1_74' title='bbox 635 1245 854 1332; x_wconf 82' lang='grc' dir='ltr'><strong><em>ὑπόσχωνται.</em></strong></span> <span class='ocrx_word' id='word_1_75' title='bbox 892 1246 928 1311; x_wconf 82' lang='grc' dir='ltr'><strong><em>οἱ</em></strong></span> <span class='ocrx_word' id='word_1_76' title='bbox 943 1243 974 1312; x_wconf 88' lang='grc' dir='ltr'><strong><em>δ’</em></strong></span> <span class='ocrx_word' id='word_1_77' title='bbox 990 1245 1134 1313; x_wconf 83' lang='grc' dir='ltr'><strong><em>Αίκανολ</em></strong></span> 
     </span>
     <span class='ocr_line' id='line_1_11' title="bbox 114 1350 1174 1440; baseline -0.008 -20"><span class='ocrx_word' id='word_1_78' title='bbox 114 1351 323 1440; x_wconf 75' lang='grc' dir='ltr'><strong><em>θρασυτέρας</em></strong></span> <span class='ocrx_word' id='word_1_79' title='bbox 344 1355 427 1440; x_wconf 85' lang='grc' dir='ltr'><strong><em>πρὸς</em></strong></span> <span class='ocrx_word' id='word_1_80' title='bbox 448 1356 527 1431; x_wconf 84' lang='grc' dir='ltr'><strong><em>τοὺς</em></strong></span> <span class='ocrx_word' id='word_1_81' title='bbox 550 1353 674 1440; x_wconf 83' lang='grc' dir='ltr'><strong><em>άνδρας</em></strong></span> <span class='ocrx_word' id='word_1_82' title='bbox 698 1351 895 1436; x_wconf 79' lang='grc' dir='ltr'><strong><em>ἐποιήσαντο</em></strong></span> <span class='ocrx_word' id='word_1_83' title='bbox 919 1351 976 1428; x_wconf 80' lang='grc' dir='ltr'><strong><em>τὰς</em></strong></span> <span class='ocrx_word' id='word_1_84' title='bbox 998 1350 1133 1440; x_wconf 86' lang='grc' dir='ltr'><strong><em>άποκρί-</em></strong></span> <span class='ocrx_word' id='word_1_85' title='bbox 1148 1373 1174 1412; x_wconf 84' lang='lat'><strong><em>10</em></strong></span> 
     </span>
     <span class='ocr_line' id='line_1_12' title="bbox 115 1457 1133 1545; baseline -0.001 -19"><span class='ocrx_word' id='word_1_86' title='bbox 115 1476 199 1545; x_wconf 89' lang='grc' dir='ltr'><strong><em>σεις,</em></strong></span> <span class='ocrx_word' id='word_1_87' title='bbox 226 1457 283 1526; x_wconf 82' lang='grc' dir='ltr'><strong><em>καὶ</em></strong></span> <span class='ocrx_word' id='word_1_88' title='bbox 309 1461 369 1528; x_wconf 86' lang='grc' dir='ltr'><strong><em>τὸν</em></strong></span> <span class='ocrx_word' id='word_1_89' title='bbox 395 1461 541 1544; x_wconf 89' lang='grc' dir='ltr'><strong><em>πόλεμον</em></strong></span> <span class='ocrx_word' id='word_1_90' title='bbox 565 1459 627 1525; x_wconf 85' lang='grc' dir='ltr'><strong><em>οὐκ</em></strong></span> <span class='ocrx_word' id='word_1_91' title='bbox 649 1457 802 1524; x_wconf 81' lang='grc' dir='ltr'><strong><em>ἀκούσιοι</em></strong></span> <span class='ocrx_word' id='word_1_92' title='bbox 826 1457 983 1544; x_wconf 88' lang='grc' dir='ltr'><strong><em>δέχεσθαι</em></strong></span> <span class='ocrx_word' id='word_1_93' title='bbox 1006 1459 1133 1543; x_wconf 80' lang='grc' dir='ltr'><strong><em>ὡμολό-</em></strong></span> 
     </span>
    </p>

    <p class='ocr_par' dir='ltr' id='par_1_3' title="bbox 18 1561 1166 1866">
     <span class='ocr_line' id='line_1_13' title="bbox 18 1561 1166 1651; baseline 0.002 -19"><span class='ocrx_word' id='word_1_94' title='bbox 18 1581 24 1590; x_wconf 94' lang='grc'><strong>’</strong></span> <span class='ocrx_word' id='word_1_95' title='bbox 112 1582 230 1651; x_wconf 92' lang='grc' dir='ltr'><strong><em>γησαν.</em></strong></span> <span class='ocrx_word' id='word_1_96' title='bbox 266 1564 350 1632; x_wconf 82' lang='grc' dir='ltr'><strong><em>ἀλλὰ</em></strong></span> <span class='ocrx_word' id='word_1_97' title='bbox 373 1565 437 1650; x_wconf 82' lang='grc' dir='ltr'><strong><em>γὰρ</em></strong></span> <span class='ocrx_word' id='word_1_98' title='bbox 461 1565 523 1630; x_wconf 86' lang='grc' dir='ltr'><strong><em>οὐκ</em></strong></span> <span class='ocrx_word' id='word_1_99' title='bbox 546 1562 711 1650; x_wconf 76' lang='grc' dir='ltr'><strong><em>ἐξεγένετο</em></strong></span> <span class='ocrx_word' id='word_1_100' title='bbox 730 1561 901 1648; x_wconf 89' lang='grc' dir='ltr'><strong><em>Ῥωμαίοις</em></strong></span> <span class='ocrx_word' id='word_1_101' title='bbox 920 1565 1076 1650; x_wconf 85' lang='grc' dir='ltr'><strong><em>στρατιάν</em></strong></span> <span class='ocrx_word' id='word_1_102' title='bbox 1095 1564 1166 1634; x_wconf 64' lang='lat' dir='ltr'><em>m</em></span> 
     </span>
     <span class='ocr_line' id='line_1_14' title="bbox 113 1668 1132 1763; baseline 0.001 -25"><span class='ocrx_word' id='word_1_103' title='bbox 113 1672 230 1763; x_wconf 82' lang='grc' dir='ltr'><strong><em>έκείνφ</em></strong></span> <span class='ocrx_word' id='word_1_104' title='bbox 259 1681 305 1761; x_wconf 77' lang='grc' dir='ltr'><strong><em>τῷ</em></strong></span> <span class='ocrx_word' id='word_1_105' title='bbox 335 1670 477 1760; x_wconf 77' lang='grc' dir='ltr'><strong><em>ἐνιαυτῷ</em></strong></span> <span class='ocrx_word' id='word_1_106' title='bbox 509 1668 558 1737; x_wconf 76' lang='grc' dir='ltr'><strong><em>ἐπ’</em></strong></span> <span class='ocrx_word' id='word_1_107' title='bbox 591 1669 712 1749; x_wconf 79' lang='grc' dir='ltr'><strong><em>αὐτοὺς</em></strong></span> <span class='ocrx_word' id='word_1_108' title='bbox 741 1669 949 1757; x_wconf 81' lang='grc' dir='ltr'><strong><em>ἀποστεῖλαι,</em></strong></span> <span class='ocrx_word' id='word_1_109' title='bbox 979 1679 1044 1740; x_wconf 86' lang='grc' dir='ltr'><strong><em>είτε</em></strong></span> <span class='ocrx_word' id='word_1_110' title='bbox 1071 1682 1132 1739; x_wconf 90' lang='grc' dir='ltr'><strong><em>τοῦ</em></strong></span> 
     </span>
     <span class='ocr_line' id='line_1_15' title="bbox 113 1778 1130 1866; baseline 0 -21"><span class='ocrx_word' id='word_1_111' title='bbox 113 1781 292 1865; x_wconf 90' lang='grc' dir='ltr'><strong><em>δαιμονίου</em></strong></span> <span class='ocrx_word' id='word_1_112' title='bbox 309 1779 511 1863; x_wconf 83' lang='grc' dir='ltr'><strong><em>κωλύοντος,</em></strong></span> <span class='ocrx_word' id='word_1_113' title='bbox 531 1785 595 1845; x_wconf 76' lang='grc' dir='ltr'><strong><em>εἴτε</em></strong></span> <span class='ocrx_word' id='word_1_114' title='bbox 615 1779 671 1845; x_wconf 80' lang='grc' dir='ltr'><strong><em>διὰ</em></strong></span> <span class='ocrx_word' id='word_1_115' title='bbox 688 1780 746 1857; x_wconf 84' lang='grc' dir='ltr'><strong><em>τάς</em></strong></span> <span class='ocrx_word' id='word_1_116' title='bbox 763 1782 898 1865; x_wconf 88' lang='grc' dir='ltr'><strong><em>νόσους,</em></strong></span> <span class='ocrx_word' id='word_1_117' title='bbox 916 1783 954 1845; x_wconf 80' lang='grc' dir='ltr'><strong><em>αἳ</em></strong></span> <span class='ocrx_word' id='word_1_118' title='bbox 970 1778 1130 1866; x_wconf 80' lang='grc' dir='ltr'><strong><em>κατέσχον</em></strong></span> 
     </span>
    </p>

    <p class='ocr_par' dir='ltr' id='par_1_4' title="bbox 32 1881 1247 2507">
     <span class='ocr_line' id='line_1_16' title="bbox 32 1881 1173 1974; baseline -0.005 -22"><span class='ocrx_word' id='word_1_119' title='bbox 32 1917 36 1926; x_wconf 88' lang='lat'><strong>·</strong></span> <span class='ocrx_word' id='word_1_120' title='bbox 114 1885 177 1968; x_wconf 86' lang='grc' dir='ltr'><strong><em>τήν</em></strong></span> <span class='ocrx_word' id='word_1_121' title='bbox 200 1888 336 1970; x_wconf 75' lang='grc' dir='ltr'><strong><em>πληθὺν</em></strong></span> <span class='ocrx_word' id='word_1_122' title='bbox 359 1881 412 1950; x_wconf 85' lang='grc' dir='ltr'><strong><em>έπλ</em></strong></span> <span class='ocrx_word' id='word_1_123' title='bbox 435 1887 522 1950; x_wconf 88' lang='grc' dir='ltr'><strong><em>πολὺ</em></strong></span> <span class='ocrx_word' id='word_1_124' title='bbox 545 1882 644 1974; x_wconf 89' lang='grc' dir='ltr'><strong><em>μέρος</em></strong></span> <span class='ocrx_word' id='word_1_125' title='bbox 666 1895 726 1953; x_wconf 87' lang='grc' dir='ltr'><strong><em>τοῦ</em></strong></span> <span class='ocrx_word' id='word_1_126' title='bbox 750 1889 856 1964; x_wconf 82' lang='grc' dir='ltr'><strong><em>ἔτους·</em></strong></span> <span class='ocrx_word' id='word_1_127' title='bbox 880 1885 965 1952; x_wconf 78' lang='grc' dir='ltr'><strong><em>ἀλλὰ</em></strong></span> <span class='ocrx_word' id='word_1_128' title='bbox 983 1889 1133 1970; x_wconf 76' lang='grc' dir='ltr'><strong><em>φυλακῆς</em></strong></span> <span class='ocrx_word' id='word_1_129' title='bbox 1147 1904 1173 1946; x_wconf 84' lang='grc' dir='ltr'><strong><em>ιε</em></strong></span> 
     </span>
     <span class='ocr_line' id='line_1_17' title="bbox 114 1977 1134 2078; baseline -0.001 -20"><span class='ocrx_word' id='word_1_130' title='bbox 114 1990 212 2058; x_wconf 76' lang='grc' dir='ltr'><strong><em>ἕνεκα</em></strong></span> <span class='ocrx_word' id='word_1_131' title='bbox 234 2001 301 2057; x_wconf 81' lang='grc' dir='ltr'><strong><em>τῶν</em></strong></span> <span class='ocrx_word' id='word_1_132' title='bbox 326 1977 508 2078; x_wconf 83' lang='grc' dir='ltr'><strong><em>συμμάχων</em></strong></span> <span class='ocrx_word' id='word_1_133' title='bbox 531 1991 627 2077; x_wconf 88' lang='grc' dir='ltr'><strong><em>ὀλίγη</em></strong></span> <span class='ocrx_word' id='word_1_134' title='bbox 649 2016 698 2072; x_wconf 90' lang='grc' dir='ltr'><strong><em>τις</em></strong></span> <span class='ocrx_word' id='word_1_135' title='bbox 717 1991 900 2072; x_wconf 80' lang='grc' dir='ltr'><strong><em>ἐξελθοῦσα</em></strong></span> <span class='ocrx_word' id='word_1_136' title='bbox 919 1992 1071 2077; x_wconf 89' lang='grc' dir='ltr'><strong><em>δύναμις,</em></strong></span> <span class='ocrx_word' id='word_1_137' title='bbox 1094 1987 1134 2076; x_wconf 74' lang='grc' dir='ltr'><strong><em>ἧς</em></strong></span> 
     </span>
     <span class='ocr_line' id='line_1_18' title="bbox 113 2097 1133 2186; baseline 0.001 -23"><span class='ocrx_word' id='word_1_138' title='bbox 113 2098 227 2183; x_wconf 78' lang='grc' dir='ltr'><strong><em>ἡγεῖτο</em></strong></span> <span class='ocrx_word' id='word_1_139' title='bbox 259 2101 404 2176; x_wconf 88' lang='grc' dir='ltr'><strong><em>Κόιντος</em></strong></span> <span class='ocrx_word' id='word_1_140' title='bbox 435 2101 634 2186; x_wconf 90' lang='grc' dir='ltr'><strong><em>Σερουίλιος</em></strong></span> <span class='ocrx_word' id='word_1_141' title='bbox 664 2099 780 2185; x_wconf 88' lang='grc' dir='ltr'><strong><em>άτερος</em></strong></span> <span class='ocrx_word' id='word_1_142' title='bbox 811 2109 878 2164; x_wconf 81' lang='grc' dir='ltr'><strong><em>τῶν</em></strong></span> <span class='ocrx_word' id='word_1_143' title='bbox 912 2097 1063 2183; x_wconf 85' lang='grc' dir='ltr'><strong><em>ὑπάτων,</em></strong></span> <span class='ocrx_word' id='word_1_144' title='bbox 1095 2097 1133 2164; x_wconf 85' lang='grc' dir='ltr'><strong><em>έν</em></strong></span> 
     </span>
     <span class='ocr_line' id='line_1_19' title="bbox 112 2200 1167 2291; baseline 0.001 -19"><span class='ocrx_word' id='word_1_145' title='bbox 112 2215 185 2282; x_wconf 81' lang='grc' dir='ltr'><strong><em>τοῖς</em></strong></span> <span class='ocrx_word' id='word_1_146' title='bbox 211 2206 367 2269; x_wconf 89' lang='grc' dir='ltr'><strong><em>Λατίνων</em></strong></span> <span class='ocrx_word' id='word_1_147' title='bbox 397 2204 488 2291; x_wconf 85' lang='grc' dir='ltr'><strong><em>ὅροις</em></strong></span> <span class='ocrx_word' id='word_1_148' title='bbox 518 2202 694 2290; x_wconf 77' lang='grc' dir='ltr'><strong><em>διέτριψεν.</em></strong></span> <span class='ocrx_word' id='word_1_149' title='bbox 746 2202 783 2269; x_wconf 85' lang='grc' dir='ltr'><strong><em>έν</em></strong></span> <span class='ocrx_word' id='word_1_150' title='bbox 814 2200 851 2269; x_wconf 72' lang='grc' dir='ltr'><strong><em>δὲ</em></strong></span> <span class='ocrx_word' id='word_1_151' title='bbox 880 2213 919 2290; x_wconf 74' lang='grc' dir='ltr'><strong><em>τῇ</em></strong></span> <span class='ocrx_word' id='word_1_152' title='bbox 949 2207 1044 2271; x_wconf 87' lang='grc' dir='ltr'><strong><em>πόλει</em></strong></span> <span class='ocrx_word' id='word_1_153' title='bbox 1073 2207 1167 2273; x_wconf 88' lang='grc' dir='ltr'><strong><em>τὸυ8</em></strong></span> 
     </span>
     <span class='ocr_line' id='line_1_20' title="bbox 113 2311 1247 2400; baseline 0.001 -22"><span class='ocrx_word' id='word_1_154' title='bbox 113 2313 202 2379; x_wconf 82' lang='grc' dir='ltr'><strong><em>νεὼν</em></strong></span> <span class='ocrx_word' id='word_1_155' title='bbox 215 2320 275 2378; x_wconf 88' lang='grc' dir='ltr'><strong><em>τοῦ</em></strong></span> <span class='ocrx_word' id='word_1_156' title='bbox 290 2313 433 2378; x_wconf 88' lang='grc' dir='ltr'><strong><em>Πιστίου</em></strong></span> <span class='ocrx_word' id='word_1_157' title='bbox 448 2314 532 2390; x_wconf 87' lang='grc' dir='ltr'><strong><em>Διὸς</em></strong></span> <span class='ocrx_word' id='word_1_158' title='bbox 545 2314 694 2400; x_wconf 83' lang='grc' dir='ltr'><strong><em>Σπόριος</em></strong></span> <span class='ocrx_word' id='word_1_159' title='bbox 708 2313 897 2396; x_wconf 89' lang='grc' dir='ltr'><strong><em>Ποστόμιος</em></strong></span> <span class='ocrx_word' id='word_1_160' title='bbox 911 2311 929 2378; x_wconf 89' lang='grc' dir='ltr'>ὁ</span> <span class='ocrx_word' id='word_1_161' title='bbox 945 2312 1133 2390; x_wconf 86' lang='grc' dir='ltr'><strong><em>συνύπατος</em></strong></span> <span class='ocrx_word' id='word_1_162' title='bbox 1246 2387 1247 2390; x_wconf 11' lang='lat'>¹</span> 
     </span>
     <span class='ocr_line' id='line_1_21' title="bbox 114 2416 1172 2507; baseline 0.001 -23"><span class='ocrx_word' id='word_1_163' title='bbox 114 2419 220 2485; x_wconf 79' lang='grc' dir='ltr'><strong><em>αὐτοῦ</em></strong></span> <span class='ocrx_word' id='word_1_164' title='bbox 240 2416 426 2507; x_wconf 74' lang='grc' dir='ltr'><strong><em>καθιέρωσε</em></strong></span> <span class='ocrx_word' id='word_1_165' title='bbox 445 2421 548 2505; x_wconf 89' lang='grc' dir='ltr'><strong><em>μηνὸς</em></strong></span> <span class='ocrx_word' id='word_1_166' title='bbox 564 2416 709 2485; x_wconf 88' lang='grc' dir='ltr'><strong><em>Ἰουνίου</em></strong></span> <span class='ocrx_word' id='word_1_167' title='bbox 728 2428 799 2496; x_wconf 79' lang='grc' dir='ltr'><strong><em>ταῖς</em></strong></span> <span class='ocrx_word' id='word_1_168' title='bbox 816 2417 1036 2503; x_wconf 88' lang='grc' dir='ltr'><strong><em>καλουμέναις</em></strong></span> <span class='ocrx_word' id='word_1_169' title='bbox 1053 2420 1132 2485; x_wconf 86' lang='grc' dir='ltr'><strong><em>Νώ-</em></strong></span> <span class='ocrx_word' id='word_1_170' title='bbox 1146 2438 1172 2478; x_wconf 77' lang='grc' dir='ltr'><strong><em>ιο</em></strong></span> 
     </span>
    </p>

    <p class='ocr_par' dir='ltr' id='par_1_5' title="bbox 48 2520 1134 2931">
     <span class='ocr_line' id='line_1_22' title="bbox 48 2520 1132 2612; baseline 0.001 -24"><span class='ocrx_word' id='word_1_171' title='bbox 48 2540 190 2603; x_wconf 74' lang='grc' dir='ltr'><strong><em>ιειιυαις</em></strong></span> <span class='ocrx_word' id='word_1_172' title='bbox 218 2524 271 2591; x_wconf 81' lang='grc' dir='ltr'><strong><em>έπλ</em></strong></span> <span class='ocrx_word' id='word_1_173' title='bbox 298 2535 358 2593; x_wconf 87' lang='grc' dir='ltr'><strong><em>τοῦ</em></strong></span> <span class='ocrx_word' id='word_1_174' title='bbox 382 2522 559 2593; x_wconf 85' lang='grc' dir='ltr'><strong><em>Ἐνυαλίου</em></strong></span> <span class='ocrx_word' id='word_1_175' title='bbox 584 2528 710 2612; x_wconf 90' lang='grc' dir='ltr'><strong><em>λόφου,</em></strong></span> <span class='ocrx_word' id='word_1_176' title='bbox 737 2522 1047 2591; x_wconf 88' lang='grc' dir='ltr'><strong><em>κατασκευασθέντα</em></strong></span> <span class='ocrx_word' id='word_1_177' title='bbox 1070 2520 1132 2609; x_wconf 75' lang='grc' dir='ltr'><strong><em>μὲν</em></strong></span> 
     </span>
     <span class='ocr_line' id='line_1_23' title="bbox 115 2627 1134 2718; baseline -0.002 -20"><span class='ocrx_word' id='word_1_178' title='bbox 115 2633 181 2698; x_wconf 86' lang='grc' dir='ltr'><strong><em>ὑπὸ</em></strong></span> <span class='ocrx_word' id='word_1_179' title='bbox 205 2641 265 2698; x_wconf 82' lang='grc' dir='ltr'><strong><em>τοῦ</em></strong></span> <span class='ocrx_word' id='word_1_180' title='bbox 288 2635 479 2699; x_wconf 88' lang='grc' dir='ltr'><strong><em>τελευταίου</em></strong></span> <span class='ocrx_word' id='word_1_181' title='bbox 499 2629 662 2718; x_wconf 87' lang='grc' dir='ltr'><strong><em>βασιλέως</em></strong></span> <span class='ocrx_word' id='word_1_182' title='bbox 685 2633 884 2717; x_wconf 85' lang='grc' dir='ltr'><strong><em>Ταρκυνίου,</em></strong></span> <span class='ocrx_word' id='word_1_183' title='bbox 906 2639 964 2716; x_wconf 79' lang='grc' dir='ltr'><strong><em>τῆς</em></strong></span> <span class='ocrx_word' id='word_1_184' title='bbox 982 2627 1020 2696; x_wconf 70' lang='grc' dir='ltr'><strong><em>δὲ</em></strong></span> <span class='ocrx_word' id='word_1_185' title='bbox 1038 2653 1134 2715; x_wconf 89' lang='grc' dir='ltr'><strong><em>νομι-</em></strong></span> 
     </span>
     <span class='ocr_line' id='line_1_24' title="bbox 118 2733 1129 2827; baseline -0.002 -23"><span class='ocrx_word' id='word_1_186' title='bbox 118 2735 254 2823; x_wconf 71' lang='grc' dir='ltr'><strong><em>ζομένης</em></strong></span> <span class='ocrx_word' id='word_1_187' title='bbox 282 2739 371 2827; x_wconf 79' lang='grc' dir='ltr'><strong><em>παρὰ</em></strong></span> <span class='ocrx_word' id='word_1_188' title='bbox 396 2735 568 2823; x_wconf 88' lang='grc' dir='ltr'><strong><em>Ῥωμαίοις</em></strong></span> <span class='ocrx_word' id='word_1_189' title='bbox 597 2737 803 2823; x_wconf 79' lang='grc' dir='ltr'><strong><em>ἀνιερώσεως</em></strong></span> <span class='ocrx_word' id='word_1_190' title='bbox 831 2737 872 2805; x_wconf 85' lang='grc' dir='ltr'><strong><em>οὐ</em></strong></span> <span class='ocrx_word' id='word_1_191' title='bbox 902 2739 1044 2823; x_wconf 83' lang='grc' dir='ltr'><strong><em>τυχόντα</em></strong></span> <span class='ocrx_word' id='word_1_192' title='bbox 1072 2733 1129 2802; x_wconf 86' lang='grc' dir='ltr'><strong><em>ὑπ’</em></strong></span> 
     </span>
     <span class='ocr_line' id='line_1_25' title="bbox 117 2841 1134 2931; baseline -0.003 -19"><span class='ocrx_word' id='word_1_193' title='bbox 117 2843 256 2912; x_wconf 79' lang='grc' dir='ltr'><strong><em>ἐκείνου.</em></strong></span> <span class='ocrx_word' id='word_1_194' title='bbox 293 2847 367 2911; x_wconf 90' lang='grc' dir='ltr'><strong><em>τότε</em></strong></span> <span class='ocrx_word' id='word_1_195' title='bbox 390 2841 428 2910; x_wconf 70' lang='grc' dir='ltr'><strong><em>δέ</em></strong></span> <span class='ocrx_word' id='word_1_196' title='bbox 451 2853 490 2930; x_wconf 75' lang='grc' dir='ltr'><strong><em>τῇ</em></strong></span> <span class='ocrx_word' id='word_1_197' title='bbox 513 2849 619 2931; x_wconf 79' lang='grc' dir='ltr'><strong><em>βουλή</em></strong></span> <span class='ocrx_word' id='word_1_198' title='bbox 643 2844 744 2924; x_wconf 82' lang='grc' dir='ltr'><strong><em>δόξαν</em></strong></span> <span class='ocrx_word' id='word_1_199' title='bbox 767 2845 993 2929; x_wconf 85' lang='grc' dir='ltr'><strong><em>δΠοστόμιος</em></strong></span> <span class='ocrx_word' id='word_1_200' title='bbox 1016 2845 1134 2928; x_wconf 79' lang='grc' dir='ltr'><strong><em>ἔλαβεν</em></strong></span> 
     </span>
    </p>
   </div>
   <div class='ocr_carea' id='block_1_3' title="bbox 46 3069 1134 3573">
    <p class='ocr_par' dir='ltr' id='par_1_6' title="bbox 115 3069 1134 3504">
     <span class='ocr_line' id='line_1_26' title="bbox 189 3069 1131 3145; baseline -0.001 -18"><span class='ocrx_word' id='word_1_201' title='bbox 189 3080 203 3128; x_wconf 90' lang='grc'>1</span> <span class='ocrx_word' id='word_1_202' title='bbox 224 3074 365 3144; x_wconf 85' lang='grc' dir='ltr'><strong><em>δημοσίων</em></strong></span> <span class='ocrx_word' id='word_1_203' title='bbox 384 3092 414 3130; x_wconf 86' lang='grc' dir='ltr'><strong><em>τε</em></strong></span> <span class='ocrx_word' id='word_1_204' title='bbox 433 3073 482 3129; x_wconf 76' lang='grc' dir='ltr'><strong><em>καί</em></strong></span> <span class='ocrx_word' id='word_1_205' title='bbox 502 3069 584 3145; x_wconf 80' lang='grc' dir='ltr'><strong><em>λερῶυ</em></strong></span> <span class='ocrx_word' id='word_1_206' title='bbox 603 3073 626 3129; x_wconf 91' lang='grc' dir='ltr'>Ο</span> <span class='ocrx_word' id='word_1_207' title='bbox 645 3091 714 3130; x_wconf 81' lang='lat' dir='ltr'><strong>corr.</strong></span> <span class='ocrx_word' id='word_1_208' title='bbox 731 3073 853 3130; x_wconf 76' lang='lat' dir='ltr'><strong>Sintenis</strong></span> <span class='ocrx_word' id='word_1_209' title='bbox 867 3073 928 3127; x_wconf 85' lang='lat' dir='ltr'><strong><em>Em.</em></strong></span> <span class='ocrx_word' id='word_1_210' title='bbox 944 3071 1024 3127; x_wconf 88' lang='lat' dir='ltr'>Dion.</span> <span class='ocrx_word' id='word_1_211' title='bbox 1039 3069 1079 3126; x_wconf 90' lang='lat' dir='ltr'><strong><em>III</em></strong></span> <span class='ocrx_word' id='word_1_212' title='bbox 1095 3072 1131 3145; x_wconf 67' lang='grc' dir='ltr'><strong><em>σή</em></strong></span> 
     </span>
     <span class='ocr_line' id='line_1_27' title="bbox 116 3142 1133 3216; baseline 0.001 -17"><span class='ocrx_word' id='word_1_213' title='bbox 116 3143 207 3215; x_wconf 81' lang='grc' dir='ltr'><strong><em>πλήρη</em></strong></span> <span class='ocrx_word' id='word_1_214' title='bbox 227 3143 300 3213; x_wconf 79' lang='grc' dir='ltr'><strong><em>δρῶν</em></strong></span> <span class='ocrx_word' id='word_1_215' title='bbox 320 3162 373 3202; x_wconf 87' lang='lat' dir='ltr'><strong><em>om.</em></strong></span> <span class='ocrx_word' id='word_1_216' title='bbox 394 3144 417 3200; x_wconf 92' lang='grc' dir='ltr'>Ο</span> <span class='ocrx_word' id='word_1_217' title='bbox 437 3145 721 3202; x_wconf 79' lang='lat' dir='ltr'>add.Sintenis1.1.</span> <span class='ocrx_word' id='word_1_218' title='bbox 795 3152 812 3200; x_wconf 87' lang='lat'>4</span> <span class='ocrx_word' id='word_1_219' title='bbox 833 3142 1002 3216; x_wconf 73' lang='grc' dir='ltr'><strong><em>ἀπήγγείήλε</em></strong></span> <span class='ocrx_word' id='word_1_220' title='bbox 1021 3144 1044 3199; x_wconf 93' lang='grc' dir='ltr'>Β</span> <span class='ocrx_word' id='word_1_221' title='bbox 1117 3149 1133 3200; x_wconf 87' lang='grc'>6</span> 
     </span>
     <span class='ocr_line' id='line_1_28' title="bbox 117 3210 1134 3288; baseline -0.002 -18"><span class='ocrx_word' id='word_1_222' title='bbox 117 3210 333 3288; x_wconf 77' lang='grc' dir='ltr'><strong><em>ἕνδ&lt;οι&gt;άσασα</em></strong></span> <span class='ocrx_word' id='word_1_223' title='bbox 356 3215 379 3269; x_wconf 95' lang='grc' dir='ltr'><strong>Β</strong></span> <span class='ocrx_word' id='word_1_224' title='bbox 489 3224 504 3273; x_wconf 84' lang='grc'><strong>7</strong></span> <span class='ocrx_word' id='word_1_225' title='bbox 530 3213 768 3286; x_wconf 85' lang='grc' dir='ltr'><strong><em>καταγγέλλοντας</em></strong></span> <span class='ocrx_word' id='word_1_226' title='bbox 790 3214 871 3270; x_wconf 85' lang='lat' dir='ltr'><strong><em>ABc</em></strong></span> <span class='ocrx_word' id='word_1_227' title='bbox 893 3218 1134 3284; x_wconf 83' lang='grc' dir='ltr'><strong><em>καταγγελοῦντας</em></strong></span> 
     </span>
     <span class='ocr_line' id='line_1_29' title="bbox 117 3281 1133 3359; baseline 0 -17"><span class='ocrx_word' id='word_1_228' title='bbox 117 3285 191 3356; x_wconf 80' lang='lat' dir='ltr'><strong><em>Omg</em></strong></span> <span class='ocrx_word' id='word_1_229' title='bbox 263 3292 279 3341; x_wconf 79' lang='lat'>9</span> <span class='ocrx_word' id='word_1_230' title='bbox 297 3285 371 3343; x_wconf 78' lang='grc' dir='ltr'><strong><em>θπόσ</em></strong></span> <span class='ocrx_word' id='word_1_231' title='bbox 389 3305 456 3344; x_wconf 85' lang='grc' dir='ltr'><strong><em>ωσιν</em></strong></span> <span class='ocrx_word' id='word_1_232' title='bbox 476 3287 565 3356; x_wconf 74' lang='lat' dir='ltr'>Cobet</span> <span class='ocrx_word' id='word_1_233' title='bbox 579 3287 643 3343; x_wconf 81' lang='lat' dir='ltr'>Obs.</span> <span class='ocrx_word' id='word_1_234' title='bbox 659 3304 686 3357; x_wconf 85' lang='lat' dir='ltr'><strong><em>p.</em></strong></span> <span class='ocrx_word' id='word_1_235' title='bbox 704 3294 755 3343; x_wconf 83' lang='lat'><strong><em>184</em></strong></span> <span class='ocrx_word' id='word_1_236' title='bbox 828 3292 860 3341; x_wconf 78' lang='lat'><strong><em>12</em></strong></span> <span class='ocrx_word' id='word_1_237' title='bbox 881 3281 1067 3359; x_wconf 81' lang='grc' dir='ltr'><strong><em>έξ&lt;εγέ&gt;νετο</em></strong></span> <span class='ocrx_word' id='word_1_238' title='bbox 1085 3285 1133 3342; x_wconf 92' lang='lat' dir='ltr'><strong><em>Bb</em></strong></span> 
     </span>
     <span class='ocr_line' id='line_1_30' title="bbox 115 3308 1134 3484; baseline 0.001 -73"><span class='ocrx_word' id='word_1_239' title='bbox 115 3359 145 3412; x_wconf 86' lang='lat' dir='ltr'><strong><em>in</em></strong></span> <span class='ocrx_word' id='word_1_240' title='bbox 164 3375 216 3412; x_wconf 78' lang='lat' dir='ltr'>ras.</span> <span class='ocrx_word' id='word_1_241' title='bbox 281 3365 315 3414; x_wconf 76' lang='lat'><strong><em>16</em></strong></span> <span class='ocrx_word' id='word_1_242' title='bbox 334 3308 452 3484; x_wconf 37' lang='lat' dir='ltr'><strong><em>&amp;ch</em></strong></span> <span class='ocrx_word' id='word_1_243' title='bbox 516 3367 550 3414; x_wconf 79' lang='lat'><strong><em>20</em></strong></span> <span class='ocrx_word' id='word_1_244' title='bbox 569 3359 725 3422; x_wconf 82' lang='grc' dir='ltr'><strong><em>ΝάναιςΑ</em></strong></span> <span class='ocrx_word' id='word_1_245' title='bbox 744 3359 872 3421; x_wconf 86' lang='grc' dir='ltr'><strong><em>Νόνναις</em></strong></span> <span class='ocrx_word' id='word_1_246' title='bbox 889 3356 937 3410; x_wconf 89' lang='lat' dir='ltr'><strong><em>Bb</em></strong></span> <span class='ocrx_word' id='word_1_247' title='bbox 1000 3363 1033 3412; x_wconf 82' lang='lat'><strong><em>21</em></strong></span> <span class='ocrx_word' id='word_1_248' title='bbox 1050 3355 1134 3412; x_wconf 86' lang='grc' dir='ltr'><strong><em>Ἐνα-</em></strong></span> 
     </span>
     <span class='ocr_line' id='line_1_31' title="bbox 116 3422 1131 3504; baseline -0.001 -21"><span class='ocrx_word' id='word_1_249' title='bbox 116 3431 176 3484; x_wconf 89' lang='grc' dir='ltr'><strong><em>λίον</em></strong></span> <span class='ocrx_word' id='word_1_250' title='bbox 197 3428 220 3484; x_wconf 92' lang='grc' dir='ltr'>Ο</span> <span class='ocrx_word' id='word_1_251' title='bbox 238 3431 352 3500; x_wconf 72' lang='lat' dir='ltr'>praebet</span> <span class='ocrx_word' id='word_1_252' title='bbox 465 3437 499 3486; x_wconf 74' lang='lat'><strong><em>23</em></strong></span> <span class='ocrx_word' id='word_1_253' title='bbox 518 3428 734 3504; x_wconf 83' lang='grc' dir='ltr'><strong><em>&lt;όινιε&gt;ρόοεως</em></strong></span> <span class='ocrx_word' id='word_1_254' title='bbox 751 3429 774 3482; x_wconf 90' lang='grc' dir='ltr'>Β</span> <span class='ocrx_word' id='word_1_255' title='bbox 795 3433 799 3500; x_wconf 89' lang='grc' dir='ltr'>Ι</span> <span class='ocrx_word' id='word_1_256' title='bbox 821 3425 891 3500; x_wconf 84' lang='grc' dir='ltr'><strong><em>παρ’</em></strong></span> <span class='ocrx_word' id='word_1_257' title='bbox 913 3423 1024 3485; x_wconf 77' lang='grc' dir='ltr'><strong><em>ἐκείνου</em></strong></span> <span class='ocrx_word' id='word_1_258' title='bbox 1044 3427 1064 3483; x_wconf 81' lang='lat'>0</span> <span class='ocrx_word' id='word_1_259' title='bbox 1084 3422 1131 3482; x_wconf 74' lang='grc' dir='ltr'><strong><em>ἐπ’</em></strong></span> 
     </span>
    </p>

    <p class='ocr_par' dir='ltr' id='par_1_7' title="bbox 46 3495 850 3573">
     <span class='ocr_line' id='line_1_32' title="bbox 46 3495 850 3573; baseline 0.002 -19"><span class='ocrx_word' id='word_1_260' title='bbox 46 3531 49 3538; x_wconf 91' lang='lat'>·</span> <span class='ocrx_word' id='word_1_261' title='bbox 117 3495 228 3556; x_wconf 78' lang='grc' dir='ltr'><strong><em>ἐκείνου</em></strong></span> <span class='ocrx_word' id='word_1_262' title='bbox 247 3517 271 3558; x_wconf 89' lang='grc' dir='ltr'><strong><em>ο.</em></strong></span> <span class='ocrx_word' id='word_1_263' title='bbox 289 3500 392 3556; x_wconf 81' lang='lat' dir='ltr'>Portus</span> <span class='ocrx_word' id='word_1_264' title='bbox 464 3507 499 3558; x_wconf 78' lang='lat'><strong><em>24</em></strong></span> <span class='ocrx_word' id='word_1_265' title='bbox 517 3501 579 3557; x_wconf 88' lang='grc' dir='ltr'><strong><em>τότε</em></strong></span> <span class='ocrx_word' id='word_1_266' title='bbox 598 3509 631 3572; x_wconf 78' lang='grc' dir='ltr'><strong><em>τῇ</em></strong></span> <span class='ocrx_word' id='word_1_267' title='bbox 652 3501 675 3557; x_wconf 91' lang='grc' dir='ltr'>Ο</span> <span class='ocrx_word' id='word_1_268' title='bbox 694 3504 807 3573; x_wconf 79' lang='lat' dir='ltr'>praeter</span> <span class='ocrx_word' id='word_1_269' title='bbox 824 3501 850 3555; x_wconf 82' lang='lat' dir='ltr'>A</span> 
     </span>
    </p>
   </div>
   <div class='ocr_carea' id='block_1_4' title="bbox 0 0 1332 3974">
    <p class='ocr_par' dir='ltr' id='par_1_8' title="bbox 0 0 1332 3974">
     <span class='ocr_line' id='line_1_33' title="bbox 0 0 1332 3974; baseline 0 0"><span class='ocrx_word' id='word_1_270' title='bbox 0 0 1332 3974; x_wconf 95' lang='lat' dir='ltr'><strong><em> </em></strong></span> 
     </span>
    </p>
   </div>
  </div>
 </body>
</html>
