2586 3972
574 223 745 273 „H-

148 390 222 472 χίας
244 369 438 471 ὑποσχέσεις
462 384 645 464 ἐψεύσαντο
668 385 751 469 πρὸς
774 384 909 462 αὐτούς·
939 388 1111 460 συνιόντες
1133 407 1171 448 τε

149 494 231 558 κατὰ
244 498 374 577 πλῆθος
392 489 446 557 ἐπί
465 494 543 567 τοὺς
562 491 751 576 δημάρχους
770 491 943 570 ὠνείδιζον
963 492 1076 567 αὐτοῖς
1088 512 1173 576 προ-

150 601 269 666 δοσίαν
296 597 352 666 καί
384 600 552 682 κατεβόων
584 595 839 683 ἐπικαλούμενοι
870 599 933 683 τὴν
965 597 998 677 ἐξ
1031 597 1172 664 ἐκείνων

114 707 349 791 4συμμαχίαν.
399 713 468 780 τοῖς
496 698 558 787 μὲν
588 695 651 767 οὖν
680 702 794 780 ἀλλοις
823 704 885 769 οὐκ
919 703 1028 771 ε’δόκει
1055 706 1173 789 καιρὸς

124 811 324 898 εάρμόττων
342 804 429 875 εἶναι
448 807 596 893 πολέμου
615 819 818 886 συνεστῶτος
836 810 1019 897 ὑπερορίου
1037 813 1095 887 τὰς
1110 827 1249 878 rto-1724

150 918 277 993 λιτικάς
308 918 431 1002 ἔχθρας
463 913 710 1001 ἀναζωπυρεῖν,
745 904 793 992 εἷς
832 914 872 980 δέ
901 939 951 994 τις
987 915 1020 995 ἐξ
1058 915 1172 982 αὐτῶν

150 1025 251 1101 Γάῖος
277 1025 426 1098 Μαίνιος
454 1021 516 1087 οὐκ
543 1024 606 1106 ἔφη
633 1022 822 1107 προδώσειν
849 1024 927 1099 τοὺς
959 1023 1172 1108 δημοτικούς,

151 1128 223 1196 οὐδ’
256 1125 443 1214 ἐπιτρέψειν
475 1138 547 1205 τοῖς
579 1127 716 1205 ὑπάτοις
744 1130 901 1214 στρατιάν
932 1129 1173 1216 καταγράφειν,

150 1236 210 1303 ἐὰν
228 1236 272 1321 μὴ
291 1238 455 1322 πρότερον
473 1232 673 1313 ἀποδείξωσι
686 1235 765 1312 τοὺς
783 1235 916 1321 ὁριστὰς
932 1244 989 1320 τῆς
1009 1238 1174 1321 δημοσίας

110 1363 136 1405 ιο
150 1352 211 1428 γης
237 1341 292 1408 καὶ
319 1344 357 1408 τὸ
384 1339 461 1427 περὶ
488 1349 546 1425 τῆς
571 1345 770 1427 κληρουχίας
800 1343 954 1427 ψήφισμα
981 1342 1174 1428 γράψαντες

149 1452 197 1526 είς
227 1451 287 1515 τὸν
320 1451 428 1533 δῆμον
463 1446 685 1530 ἐξενέγκωσιν.
741 1446 984 1532 ἀντιλεγόντων
1017 1444 1055 1513 δὲ
1086 1450 1173 1534 πρὸς

149 1565 251 1622 ταῦτα
273 1566 341 1620 τῶν
361 1554 496 1620 ὑπάτων
519 1551 574 1619 καὶ
597 1556 767 1640 πρόφασιν
789 1552 1002 1640 ποιουμένων
1023 1564 1085 1621 τοῦ
1109 1580 1174 1640 μη-

147 1658 213 1728 δὲν
241 1662 329 1750 αύτῷ
359 1673 561 1746 συγχωρεῖν,
588 1655 636 1726 ὧν
664 1660 775 1746 ἠξίου,
801 1663 861 1727 τὸν
889 1661 926 1727 ἐν
949 1660 1065 1747 χερσίν
1088 1664 1173 1727 ὄντα

148 1772 310 1854 πόλεμον,
340 1767 402 1834 οὑκ
430 1771 493 1852 ἔφη
521 1766 695 1853 προσέξειν
723 1767 836 1845 αὐτοῖς
861 1770 921 1834 τὸν
949 1776 1051 1852 νοῦν,
1084 1767 1173 1834 ἀλλά

109 1859 313 1972 1ᾖκωλύσειν
332 1873 441 1962 ἁπάση
466 1875 606 1959 δυνάμει
628 1873 690 1957 τὴν
710 1877 937 1959 καταγραφήν.
983 1874 1039 1941 καὶ
1062 1874 1172 1940 ἐποίει

149 1992 265 2048 ταῦτα·
290 1981 330 2047 ού
349 1983 416 2066 μην
436 1979 552 2066 ῖσχνσέ
568 2004 605 2064 γε
624 1978 719 2066 μέχρι
740 1979 864 2058 τέλους.
909 1983 946 2048 οί
965 1983 1029 2069 γὰρ
1048 1982 1173 2048 ὕπατοι

148 2091 373 2174 προελθόντες
391 2086 452 2166 ἐξω
472 2095 530 2171 τῆς
547 2089 675 2164 πόλεως
693 2085 731 2152 έν
749 2095 794 2175 τῷ
813 2088 1045 2178 παρακειμένῳ
1063 2090 1172 2178 πεδίῳ
1291 2087 1292 2159 λ

148 2198 228 2272 τοὺς
256 2197 493 2280 στρατηγικοὺς
520 2195 663 2279 δίφρους
691 2197 831 2276 ἔθηκαν·
859 2193 1008 2261 ἐνταῦθα
1030 2192 1173 2260 καὶτὸν
1290 2265 1291 2294 ,

151 2302 386 2386 στρατιωτικὸν
406 2300 580 2368 ἐποιοῦντο
604 2301 799 2385 κατάλογον,
822 2299 978 2379 καὶτοὺς
1001 2302 1062 2387 οὑχ
1085 2301 1174 2366 ὑπα-
1290 2295 1291 2357 λ

110 2429 137 2471 ιο
149 2409 312 2484 κούοντας
333 2418 404 2485 τοῖς
426 2411 553 2494 νόμοις,
576 2407 691 2490 ἐπειδὴ
714 2408 836 2485 αὐτοὺς
857 2409 951 2492 ἀγειν
970 2408 1032 2494 ούχ
1050 2399 1169 2474 οἷοίτ’
1289 2481 1290 2490 ¹

149 2511 248 2599 ἦσαν,
270 2516 316 2591 είς
334 2516 484 2600 χρηματα
502 2514 670 2599 ἐζημίουν·
695 2514 787 2592 ὅσοις
805 2510 867 2598 μέν
885 2517 990 2600 χωρία
1008 2514 1173 2600 ὑπῆρχεν,
1289 2493 1290 2555 ὑ

150 2620 365 2698 ἐκκόπτοντες
387 2632 489 2688 ταῦτα
511 2619 568 2687 καί
590 2623 649 2698 τὰς
672 2621 775 2697 αύλδις
797 2626 1052 2706 καθαιροῦντες·
1079 2621 1248 2688 δσωνῖιῖσ
1288 2665 1289 2753 χ

150 2724 188 2793 δὲ
215 2730 398 2813 γεωργικὸς
425 2729 443 2795 ὁ
471 2731 543 2812 βίος
569 2724 613 2812 ἦν
636 2727 674 2793 έν
696 2726 883 2812 ἀλλοτρίοις
909 2730 1066 2812 κτήμασι,
1091 2729 1173 2792 τού-

149 2858 218 2900 των
240 2831 377 2918 ἀγοντές
399 2857 434 2900 τε
458 2832 513 2899 καὶ
535 2831 695 2920 φέροντες
715 2835 756 2899 τά
775 2833 1069 2919 παρεσκευασμένα
1086 2836 1174 2920 πρὸς
1287 2865 1288 2951 ρ

109 2962 135 3004 ει
150 2942 211 3026 τὴν
235 2940 394 3026 ἐργασίαν
417 2940 513 3024 ζεύγη
536 2962 570 3004 τε
594 2941 691 3023 βοίκά
713 2937 769 3006 καὶ
793 2943 986 3025 βοσκήματα
1009 2938 1064 3006 καὶ
1086 2940 1172 3007 ὑπο-
1286 3025 1287 3030 ¹

151 3049 245 3130 ζύγια
268 3045 444 3132 ἀχθοφόρα
467 3045 521 3112 καὶ
546 3047 647 3132 σκεύη
669 3057 822 3132 παντοῖα,
845 3038 896 3126 οἷς
918 3057 960 3132 γη
984 3044 1012 3113 τ’
1038 3045 1174 3133 ἐξεργά-

115 3156 237 3232 ύζεται
265 3151 321 3219 καὶ
351 3150 471 3236 καρποί
504 3155 765 3236 συγκομίζονται.
816 3153 833 3219 ὁ
866 3149 904 3219 δὲ
934 3154 1075 3220 κωλύων
1108 3154 1174 3238 τὴν
1285 3181 1286 3240 ρ

150 3261 365 3347 καταγραφὴν
398 3261 565 3345 δήμαρχος
596 3255 702 3325 οὐδέν
732 3261 780 3326 ἐτι
807 3271 917 3326 ποιεῖν
944 3254 988 3342 ἦν
1016 3262 1173 3338 δυνατός.

224 3491 239 3540 6
260 3487 395 3555 ζαπορεῖν
414 3487 437 3539 Β
510 3495 525 3543 7
545 3488 710 3551 Μαίνιος,0
