2656 3974
584 207 750 260 -ο-
1109 186 1174 272 393

159 365 259 456 χωρλς
288 369 351 452 γάρ
381 379 448 434 τῶν
477 367 721 436 ἀποθανόντων
750 371 787 435 ἔν
814 391 849 435 τε
876 379 946 447 ταῖς
973 370 1092 455 μάχαις
1120 367 1211 443 καὶὸ

160 476 241 541 κατά
259 475 318 552 τάς
335 476 505 561 προνομάς
523 477 602 552 τοὺς
619 475 865 560 ὑστερήσαντας
884 475 920 540 ἐν
938 484 978 562 τῇ
997 478 1070 541 τότε
1084 486 1175 563 φυγῇ

159 587 271 669 πολλῷ
300 585 436 658 πλείους
456 592 529 667 τῶν
551 579 722 668 προτέρων
745 579 922 666 ἀπέβαλον.
968 582 1003 647 οἰ
1024 582 1086 669 γάρ
1110 583 1175 649 ὑπὸ

160 689 306 773 καμάτου
336 711 371 753 τε
401 689 456 753 καί
485 688 682 775 τραυμάτων
712 691 935 774 βαρυνόμενοι
965 693 1067 774 σχολῇ
1096 709 1177 775 προ·

160 797 332 880 βαίνοντες
354 791 641 877 ἐγκαταλιπόντων
664 795 787 872 αὐτοὺς
809 803 877 860 τῶν
899 800 1009 879 μελῶν
1028 797 1176 880 ἔπιπτον,
1204 822 1219 864 ε

160 901 301 986 μάλιστα
330 897 367 966 δέ
394 899 470 985 περὶ
497 904 537 967 τά
565 901 694 986 νάματα
719 899 774 967 καὶ
795 904 964 986 ποταμοὺς
986 900 1052 968 ὑπὸ
1077 904 1177 987 δίψης

159 1009 372 1093 φλεγόμενοι·
402 1007 462 1084 οὓς
489 1009 525 1074 οἰ
546 1005 716 1093 Ῥωμαίων
740 1008 848 1085 ίππεῖς
870 1009 1178 1094 καταλαμβάνοντες

163 1113 334 1199 ἐφόνευον.
385 1112 427 1178 οὐ
458 1109 519 1198 μὲν
553 1114 594 1196 δη
626 1109 705 1178 οὐδὲ
730 1110 885 1198 Ῥωμαῖοι
913 1115 1021 1179 πάντα
1051 1113 1087 1181 έκ
1116 1119 1214 1183 τοῢ4

162 1223 235 1286 τότε
259 1219 388 1303 ἀγῶνος
410 1218 625 1304 εὐτυχηκότες
648 1217 865 1304 ἀνέστρεψαν,
888 1221 1013 1306 άνδρας
1033 1216 1177 1307 μὲνγὰρ

160 1325 311 1411 ἀγαθοὺς
343 1323 399 1391 καὶ
428 1327 573 1401 πολλοὺς
602 1323 639 1391 έν
668 1337 739 1402 ταῖς
768 1326 886 1410 μάχαις
915 1322 1178 1412 ἀπολωλέκεσαν,
1192 1357 1220 1397 ιο

160 1435 215 1499 καί
247 1431 454 1517 πρεσβευτὴν
486 1431 642 1497 ἁπάντων
674 1435 905 1519 λαμπρότατον
932 1435 1114 1517 γενόμενον
1142 1432 1178 1498 έν

9 1535 11 1592 ἶ
90 1549 206 1627 1931τῷ
228 1539 346 1623 άγῶνι·
369 1542 468 1623 νίκην
487 1535 518 1604 δ’
537 1537 694 1623 οὐδεμιᾶς
711 1539 833 1622 ἥττονα
851 1547 890 1624 τῇ
908 1540 1002 1603 πόλει
1021 1536 1179 1625 φέροντες

164 1645 378 1730 ἀνέστρεψαν.
422 1642 514 1712 ταῦτ’
537 1641 587 1712 ἐπ’
611 1645 749 1712 ἐκείνων
771 1653 828 1730 τῆς
850 1644 951 1731 ἀρχῆς
973 1645 1133 1732 ἐπράχθη.

227 1751 362 1818 LXVII.
403 1756 456 1840 Τῷ
489 1748 526 1817 δὲ
555 1754 694 1818 κατόπιν
724 1753 788 1818 έτει
817 1755 964 1818 Λευκίου
994 1753 1178 1835 Αἰβουτίου

161 1856 217 1924 καὶ
245 1862 400 1925 Ποπλίου
430 1862 631 1946 Σερουιλίου
657 1862 811 1944 Πρίσκον
838 1860 1090 1943 παρειληφότων
1117 1858 1178 1941 τὴν
1193 1885 1220 1926 1⁵

162 1963 268 2048 άρχην
300 1961 400 2032 οὐδὲν
429 1967 506 2031 οὔτε
534 1966 616 2030 κατά
643 1963 808 2050 πολέμους
835 1967 935 2050 ἔργον
963 1961 1176 2042 ἀπεδείξαντο

157 2068 310 2156 Ῥωμαῖοι
338 2074 440 2155 λόγου
468 2070 562 2150 άξιον
590 2072 666 2137 οὔτε
689 2073 878 2154 πολιτικόν,
906 2069 971 2135 ὑπὸ
994 2073 1099 2136 νόσου
1122 2093 1179 2136 κα-

162 2176 327 2255 κωθέντες
350 2178 394 2255 ὡς
416 2179 510 2245 οὔπω
532 2181 696 2266 πρότερον
720 2183 883 2261 λοιμικῆς·
906 2176 928 2260 ἣ
950 2179 988 2242 τὸ
1011 2172 1073 2261 μὲν
1090 2187 1180 2262 πρῶ-

162 2308 222 2351 τον
245 2283 355 2350 ’ίππων
377 2306 412 2348 τε
434 2285 616 2370 φορβάδων
639 2280 694 2350 καὶ
712 2287 804 2368 βοῶν
824 2280 957 2367 άγέλαις
974 2288 1179 2369 προσῆλθεν,

163 2391 227 2456 άπδ
251 2387 289 2455 δὲ
311 2390 440 2456 τούτων
463 2397 511 2467 εἰς
533 2387 561 2455 τ’
585 2391 720 2456 αἰπόλια
742 2387 798 2455 καὶ
820 2393 963 2474 ποίμνας
985 2388 1179 2474 κατέσκηψε,
1193 2417 1221 2457 ω

162 2493 218 2562 καί
237 2494 430 2583 διέφθειρεν
449 2497 566 2581 ὀλίγον
586 2499 658 2562 δεῖν
677 2497 785 2562 πάντα
799 2498 840 2562 τά
853 2496 1049 2584 τετράποδα·
1069 2499 1179 2563 ἔπειτα

163 2614 230 2669 τῶν
262 2601 393 2688 νομέων
425 2627 459 2670 τε
488 2603 544 2669 καὶ
572 2614 729 2690 γεωργῶν
756 2605 881 2688 ἥψατο,
913 2601 968 2668 καὶ
996 2604 1179 2668 διελθοῦσα

164 2711 220 2775 διά
247 2709 354 2794 πάσης
380 2717 437 2794 τῆς
463 2711 572 2796 χώρας
598 2711 646 2787 εἰς
673 2711 735 2793 τὴν
762 2712 861 2775 πόλιν
892 2705 1033 2775 ἐνέπεσε.
1079 2714 1216 2795 θερα-2

163 2817 296 2880 πόντων
326 2812 387 2899 μέν
418 2810 481 2881 οὖν
510 2813 565 2880 καί
593 2807 709 2899 θητῶν
738 2811 794 2880 καὶ
820 2824 881 2881 τοῦ
907 2812 1048 2899 πένητος
1077 2815 1178 2900 όχλου

163 2925 294 3006 πλῆθος
322 2921 403 2988 ὅσον
427 2919 637 3008 διέφθειρεν,
665 2920 706 2986 οὐ
730 2917 850 3009 ῥηίδιον
872 2917 915 3004 ἦν
938 2920 1058 3006 εὑρεῖν.
1104 2916 1174 2986 κατ’
1193 2945 1222 2988 τε

164 3026 267 3114 άρχάς
296 3023 358 3112 μέν
387 3029 451 3114 γάρ
481 3024 533 3113 ἐφ’
563 3025 700 3112 ἁμάξαις
729 3029 883 3114 σωρηδὸν
913 3027 949 3093 ολ
974 3028 1179 3109 θνήσκοντες

236 3190 252 3238 2
276 3185 469 3255 ὑστερίσαντες
487 3183 564 3238 ABb
664 3189 679 3239 5
702 3181 807 3254 μέλλων
827 3185 872 3238 Ba
972 3190 987 3238 7
1007 3181 1138 3254 Ῥωμαῖοι
1155 3183 1181 3236 Α

165 3262 181 3310 9
206 3254 259 3326 γάρ
279 3272 332 3312 om.
353 3255 375 3310 Ο
395 3257 508 3326 μεσσόθι·
527 3257 549 3309 Β
658 3261 692 3310 14
717 3257 825 3329 Φαβίου
844 3256 867 3311 Ο
890 3251 1039 3328 Αἰβουτίου
1059 3253 1181 3325 Sylburg

166 3332 199 3382 15
223 3328 363 3397 Σερουίου
383 3327 405 3382 0
425 3342 493 3382 corr.
515 3325 637 3396 Sylburg
735 3332 767 3381 18
792 3325 857 3395 ὅσης
876 3325 954 3381 ολίπω
973 3342 995 3379 ο.
1017 3325 1182 3380 dubitanter
1249 3387 1251 3392 ¹

164 3397 309 3467 Kiessling
325 3401 329 3468 Ι
345 3399 431 3454 verba
449 3397 515 3452 inde
535 3399 571 3452 ab
591 3400 717 3468 λοιμικῆς
735 3413 824 3466 usque
843 3399 879 3452 ad
895 3395 1052 3526 γορβάδων
1066 3413 1120 3454 om.
1135 3396 1181 3452 Ba

165 3475 199 3526 26
222 3469 295 3524 τεΟ
320 3469 371 3539 μὲν
389 3469 494 3524 Reiske
519 3471 522 3539 Ι
548 3462 643 3564 *έςπλ
661 3467 804 3542 ἁ>μάξαις
821 3467 868 3522 Bb
909 3467 942 3522 πὶ
961 3467 1007 3537 άμ.
1027 3467 1053 3520 R
