2660 3976
195 235 261 302 182
617 240 786 289 -Η-
900 300 902 304 .

157 397 377 484 δέθελήσυσι
404 399 575 485 πράττειν,
602 399 624 464 ἃ
651 400 710 464 δεῖ.
756 401 815 464 καί
840 421 891 475 τις
912 393 1006 464 εἶπεν
1028 397 1061 477 ἐξ
1086 399 1208 465 αὐτῶν·
1300 415 1301 418 ’

192 503 260 570 Καὶ
278 509 313 571 τί
328 506 531 592 πράττουσαι
550 505 593 570 ἀν
605 505 700 590 ἡμεῖς
713 505 750 570 αί
761 515 917 589 γενναίαις
930 507 1092 572 διασῶσαι
1109 507 1210 590 δυνη

191 614 332 696 θείημεν
355 613 416 696 την
438 613 581 699 πατρίδα
604 620 672 676 τῶν
694 609 830 692 ἀνδρῶν
852 609 1094 697 ἀπειρηκότωνς
1120 615 1170 690 τίς
1190 613 1209 696 ἡ

190 719 333 802 τοσαύτη
351 717 427 804 περὶ
445 717 530 802 ἡμᾶς
547 719 606 796 τάς
624 717 779 797 ἀσθενεῖς
797 716 853 784 καὶ
870 720 1102 806 ταλαιπώρους
1121 717 1211 785 ἐστὶν

165 825 300 910 είσχύς;
331 821 415 908 Οὐχὶ
443 824 573 908 ὅπλων,
601 828 724 910 ἔφησεν
750 824 771 908 ἡ
797 824 980 911 Οὐαλερία,
1007 824 1063 891 καί
1090 837 1211 912 χειρῶν

192 928 346 1014 δεομένη·
376 930 505 996 τούτων
529 927 678 1019 μὲνγὰρ
708 929 913 998 ἀπολέλυκεν
934 932 1021 1016 ἡμᾶς
1046 932 1067 1016 ἡ
1097 934 1211 1016 φύσις·

192 1033 264 1101 ἀλλ’
295 1034 429 1114 εὐνοίας
455 1034 511 1102 καί
543 1041 656 1122 λόγου.
705 1041 787 1123 βοῆς
819 1034 857 1104 δὲ
884 1039 964 1122 μετὰ
991 1049 1090 1105 τοῦτο
1118 1061 1212 1121 γευο-

192 1140 293 1226 μένης
311 1135 367 1208 καὶ
385 1141 555 1228 δεομένων
574 1142 711 1210 ἀπασῶν
728 1146 878 1230 φανερὸν
891 1156 1013 1229 ποιεῖν,
1030 1145 1103 1229 ἥτις
1122 1143 1212 1211 ἐστὶν

156 1248 213 1331 4η
237 1247 426 1334 ἐπικουρία,
454 1245 543 1332 λέγει
571 1252 654 1335 πρὸς
680 1249 795 1328 αὐτάς·
829 1251 960 1334 Ταύτην
987 1253 1124 1337 ἔχουσαι
1152 1252 1212 1334 την

152 1380 179 1421 ιο
191 1355 337 1441 πιναράν
364 1377 400 1421 τε
426 1353 481 1421 καὶ
504 1357 653 1441 ἀκόσμου
676 1355 801 1441 ἐσθῆτα
824 1353 880 1422 καὶ
901 1358 962 1434 τὰς
983 1359 1086 1435 άλλας
1108 1379 1212 1444 παρα-
1302 1397 1303 1402 1

192 1464 355 1546 λαβοῦσαι
377 1473 536 1545 γυναῖκας
555 1461 610 1528 καὶ
628 1461 784 1529 τὰτέκνα
804 1461 1004 1548 ἐπαγόμεναι
1024 1465 1211 1548 βαδίζωμεν
1301 1475 1302 1478 ’

192 1565 245 1632 ἐπὶ
273 1569 334 1652 την
359 1566 563 1655 Οὐετουρίας
589 1577 646 1652 τῆς
668 1571 827 1655 Μαρκίου
855 1571 978 1655 μητρὸς
1005 1571 1129 1636 οίκίαν·
1158 1568 1211 1636 καὶ
1302 1607 1303 1616 1

191 1675 255 1759 πρὸ
288 1685 355 1740 τῶν
387 1673 538 1758 γονάτων
571 1674 672 1759 αὐτῆς
700 1675 740 1739 τὰ
766 1672 865 1740 τέκνα
894 1681 1007 1741 θεῖσαι
1014 1724 1025 1759 ,
1056 1677 1211 1761 δεώμεθα

191 1781 272 1866 μετὰ
296 1781 452 1867 δακρύων
473 1780 559 1864 ἡμᾶς
580 1778 609 1845 τ’
627 1783 841 1865 -οίκτείρασαν
858 1782 917 1858 τάς
936 1782 1085 1866 μηθενὸς
1108 1791 1211 1850 κακοῦ
1302 1805 1303 1834 1

151 1909 176 1950 1⁵
192 1889 298 1964 αίτίας
324 1885 380 1952 καί
406 1888 468 1971 τὴν
496 1885 533 1953 έν
562 1885 711 1973 ἐσχάτοις
736 1888 910 1964 κινδύνοις
939 1881 1046 1953 οὖσαν
1067 1889 1212 1974 πατρίδα
1302 1931 1303 1940 ι

191 1999 372 2079 προελθεῖν
391 1991 444 2058 ἐπὶ
462 1994 521 2059 τὸν
541 1993 669 2079 χάρακα
687 2003 754 2058 τῶν
767 1995 948 2077 πολεμίων,
966 1995 1116 2077 ἄγουσαν
1134 1995 1211 2070 τούς
1302 2030 1303 2047 1

192 2097 229 2164 θ’
255 2099 400 2176 υἱωνοὺς
426 2096 481 2165 καὶ
509 2101 571 2182 τὴν
594 2096 717 2184 μητέρα
748 2099 859 2164 αὐτῶν
882 2096 939 2164 καὶ
961 2098 1047 2183 ἡμᾶς
1069 2099 1209 2178 ἁπάσας·

192 2205 431 2288 ἀκολουθῶμεν
454 2205 517 2291 γάρ
546 2204 628 2290 αὐτῇ
651 2206 691 2269 τὰ
717 2206 833 2270 παιδιά
857 2205 1069 2289 ἐπαγόμεναι·
1101 2209 1210 2272 ἔπειτα

193 2309 295 2376 ίκέτιν
314 2309 497 2396 γενομένην
517 2320 576 2377 τοῦ
594 2308 724 2396 τέκνου,
743 2310 859 2389 ἀξιοῦν
875 2309 930 2377 καὶ
949 2311 1084 2378 δεῖσθαι
1103 2309 1265 2397 μηδὲνισεε

154 2400 373 2516 ξοάνήκεστον
396 2419 477 2483 κατά
500 2405 558 2501 τῆς
579 2420 738 2504 πατρίδος
756 2416 1008 2505 ἐξεργάσασθαι.
1046 2417 1210 2505 ὀλοφυρο-

193 2521 294 2608 μένης
316 2523 379 2609 γάρ
403 2525 504 2607 αὐτῆς
525 2522 581 2590 καὶ
604 2523 844 2609 ἀντιβολούσης
866 2519 977 2602 οίκτός
995 2547 1047 2602 τις
1068 2525 1210 2590 εἰσελεύ-

194 2647 284 2696 σεται
320 2632 379 2696 τὸν
415 2629 523 2714 ἀνδρα
559 2627 615 2694 καὶ
651 2631 810 2714 λογισμὸς
840 2631 971 2715 ἥμερος.
1025 2629 1087 2715 οὐχ
1123 2629 1208 2696 ούτο

194 2737 335 2822 στερρὰν
356 2733 413 2802 καὶ
435 2737 584 2821 ἄτρωτον
614 2738 680 2822 ἔχει
708 2737 866 2821 καρδίαν,
894 2731 973 2801 ὥστ’
1006 2734 1209 2821 ἀνασχέσθαι

194 2841 318 2928 μητέρα
340 2844 424 2927 πρὸς
445 2853 514 2920 τοῖς
537 2839 658 2908 ἑαυτοῦ
680 2845 800 2925 γόνασι
823 2840 1033 2926 κυλιομένην.

150 2971 177 3012 ιε
260 2949 393 3014 ΧΧΧΧ.
426 2946 481 3026 Ὡς
507 2945 539 3014 δ’
566 2945 730 3035 ἐπῄνεσαν
758 2949 795 3013 αί
815 2957 982 3033 παροῦσαι
1010 2949 1069 3014 τὸν
1097 2950 1210 3030 λόγον,

265 3139 479 3209 ῙθελήσωσιΒ
563 3139 876 3264 4ταλραι>πάρουςΒ
957 3140 1056 3210 δοάγλ
1073 3140 1099 3195 A
1118 3138 1208 3208 ούχΙλ

194 3220 209 3266 6
228 3211 362 3282 δεόμεναι
381 3211 403 3266 0
423 3208 544 3281 δεομένη
564 3229 587 3267 ο.
608 3211 732 3266 Sinonis
752 3211 812 3267 Em.
831 3211 914 3266 Dion.
933 3211 1021 3266 11115
1041 3212 1167 3281 δεόμεθα
1184 3225 1206 3262 ο.

193 3281 363 3352 Grasberger
380 3282 457 3337 Tess.
476 3281 562 3336 Herb.
581 3301 608 3352 p.
624 3289 658 3337 33
677 3299 735 3351 αρε.
770 3286 775 3352 Ι
809 3281 986 3350 ἀπελήλακεν
1005 3299 1029 3338 c.
1049 3281 1209 3337 dubitanter

193 3350 335 3421 Kiessling
397 3360 412 3409 7
432 3354 544 3416 εάνοίας
559 3353 581 3408 0
602 3348 714 3417 ἑννοίας
732 3352 837 3409 Reiske
857 3353 907 3407 sed
922 3353 957 3408 cf.
972 3353 1039 3408 Vm
1053 3359 1127 3420 41,1
1190 3355 1207 3404 8

194 3432 292 3478 πασῶν
310 3425 333 3478 Β
354 3426 359 3496 Ι
380 3424 509 3493 φανερὰν
529 3423 552 3478 Ο
572 3425 698 3514 φανερὸν
717 3442 740 3479 ο.
760 3424 934 3494 Grasberget
952 3422 1005 3480 1.l.
1084 3431 1114 3479 11
1135 3421 1207 3496 βαδί-

195 3497 278 3564 ζομεν
295 3494 318 3547 Β
392 3502 424 3549 15
443 3494 495 3564 τὴν
515 3489 634 3564 ἀσχατην
654 3493 741 3550 οάσοιν
759 3495 906 3558 κινδύνοις
925 3497 949 3549 A
