2586 3972
518 224 687 273 -Η-
1045 221 1110 288 269

7 471 9 482 .
92 382 147 450 καί
176 384 237 460 τὰς
263 386 398 469 ύήφους
426 385 508 449 κατά
537 384 578 448 τά
607 385 771 468 τιμήματα
801 382 958 468 ἀναδούς,
989 383 1025 449 ἐκ
1053 394 1112 469 τῆς

94 488 292 577 ἀμφοτέρων
319 490 526 574 εὐδοκήσεως
552 489 790 556 ἀποδείκνυσιν
820 490 982 575 ὑπάτους,
1009 490 1111 556 Γάῖον
1161 518 1163 522 ’

7 609 8 678 γ
91 595 245 681 Ἰούλιον,
267 598 327 663 τὸν
355 595 617 682 ἐπικαλούμενον
639 595 787 680 Ἴουλον,
815 595 852 662 εἰι
878 607 945 662 τῶν
971 598 1111 682 φιλοδή-

7 714 8 794 1
94 727 178 788 μων,
200 701 257 768 καλ
279 706 426 771 Κόιντον
451 705 582 790 Φάβιον
600 706 776 780 Καίσωνος
797 704 875 768 υίὸν
897 705 935 768 τὸ
954 705 1112 790 δεύτερον

7 855 9 904 χ
94 809 130 875 ἐκ
153 821 222 875 τῶν
246 808 537 897 ἀριστοκρατικῶν.
582 808 638 875 καὶ
661 811 679 876 ὁ
699 805 805 894 <μδν>
824 811 928 894 δήμος
951 805 1053 876 οὐδὲν
1076 793 1153 905 ίκὸ5

7 912 8 1000 ή
94 927 151 1000 τῆς
177 915 341 1004 προτέρας
367 918 524 995 ὑπατείας
551 916 656 982 αὐτοῦ
682 917 860 994 πεπονθὼς
889 923 978 982 εῖασε
1000 929 1112 1002 τυχεῖν

93 1023 215 1105 ταύτης
237 1032 295 1106 τῆς
317 1022 469 1102 ἐξουσίας
497 1025 535 1088 τὸ
559 1023 733 1110 δεύτερον,
760 1033 868 1107 μισῶν
890 1025 949 1089 τὸν
968 1022 1112 1090 ’Ἁππιον

36 1126 150 1195 Ποιναὶ
174 1129 226 1194 ὅτι
249 1128 374 1208 ἐκεῖνος
396 1129 622 1215 ἀτιμασθῆναι
646 1129 754 1196 ἐδόκει
777 1130 908 1215 σφόδρα
937 1129 1112 1214 ἡδόμενος·

94 1247 165 1312 τοῖς
193 1231 223 1300 δ’
256 1234 294 1302 έν
325 1236 410 1304 τέλει
443 1235 743 1323 διαπεπραγμένοις
775 1238 977 1322 δραστήριον
1005 1237 1112 1323 ἀνδρα

94 1339 151 1407 καὶ
174 1337 280 1408 οὐδὲν
303 1341 492 1409 ἐνδώσοντα
515 1353 561 1432 τῷ
585 1345 680 1432 δήμφ
702 1345 851 1427 μαλακὸν
870 1340 924 1406 ἐπὶ
943 1342 1005 1425 τήν
1028 1342 1112 1408 ὐπα-
1127 1363 1152 1403 10

95 1452 187 1514 τείαν
209 1453 404 1535 παρελθεῖν,
426 1451 509 1515 κατά
532 1451 669 1535 γνώμην
692 1447 801 1515 ἐδόκει
827 1445 1050 1534 κεχωρηκέναι
1072 1450 1112 1514 τά

96 1563 154 1638 τῆς
177 1557 395 1641 διχοστασίας.

162 1660 342 1728 LXXXXI.
376 1659 449 1729 Ἐπί
471 1671 530 1746 τῆς
552 1664 680 1729 τούτων
703 1661 806 1748 ἀρχῆς
820 1659 963 1728 Αἰκανοί
986 1657 1047 1746 μὲν
1066 1662 1114 1738 είς

95 1770 157 1852 τήν
180 1771 338 1834 Λατίνων
360 1769 473 1855 χώραν
497 1769 695 1853 ἐμβαλόντες
717 1767 890 1851 ἀπήλασαν
918 1767 1113 1854 ἀνδράποδα

95 1872 151 1940 καὶ
187 1877 379 1959 βοσκήματα
412 1876 520 1941 πολλὰ
554 1879 712 1961 ληστρική
750 1873 861 1963 έφύδφ
897 1875 1112 1962 χρησάμενοι·
1127 1890 1152 1931 1⁵

101 1984 285 2067 Τυρρηνῶν
308 1978 339 2046 δ’
367 1982 403 2047 οί
422 1983 622 2067 καλούμενοι
648 1979 846 2047 Οὐιεντανοί
868 1991 926 2065 τῆς
944 1978 1113 2065 Ῥωμαίων

97 2097 157 2171 γῆς
183 2088 314 2171 πολλήν
341 2088 504 2172 ἠδίκησαν
526 2100 716 2175 προνομαῖς.
763 2099 821 2172 της
849 2085 886 2153 δὲ
909 2092 1033 2172 βουλῆς
1054 2088 1115 2152 τὸν

98 2189 157 2277 μέν
185 2194 269 2278 πρὸς
292 2195 461 2271 Αίκανούς
487 2196 634 2279 πόλεμον
657 2197 705 2271 είς
727 2191 841 2280 ἕτερον
865 2191 1113 2278 ἀναβαλομένης

97 2302 237 2386 χρόνον,
264 2300 353 2386 παρά
381 2296 418 2365 δέ
443 2300 656 2367 Οὐιεντανῶν
684 2301 778 2378 δίκας
801 2300 905 2366 αἰτεῖν
928 2298 1114 2384 ψηφισαμέ-

9 2453 10 2458 1
97 2432 174 2492 νης,
202 2403 346 2471 Αἰκανοὶ
369 2401 431 2490 μὲν
454 2405 568 2490 έπειδή
591 2407 632 2472 τά
654 2417 767 2490 πρῶτα
790 2406 903 2484 αὐτοῖς
925 2407 1007 2473 κατὰ
1029 2417 1114 2474 νοῦν
1128 2429 1155 2468 ω

99 2513 242 2599 ἐχώρησε
249 2561 260 2596 ,
292 2514 348 2578 καί
376 2511 491 2590 οὐθεὶς
517 2514 536 2579 ὁ
564 2514 726 2578 κωλύσων
754 2513 794 2577 τὰ
821 2514 920 2578 λοιπὰ
948 2513 1113 2599 ἐφαίνετο,

98 2621 218 2703 θράσει
256 2617 456 2705 ἐπαρθέντες
492 2617 656 2707 ἀλογίστῳ
694 2619 873 2704 ληστρικήν
910 2615 972 2704 μὲν
1004 2617 1114 2684 οὐκέτι
1202 2623 1204 2628 ’

99 2729 272 2813 στρατείαν
295 2728 446 2810 ἔγνωσαν
468 2731 652 2808 ποιεῖσθαι,
675 2725 815 2809 δυνάμει
840 2721 877 2790 δὲ
900 2729 1018 2812 βαρείᾳ
1042 2723 1114 2790 ε’λά-

39 2847 214 2910 1ῖ36σαυτες
242 2830 296 2898 έπλ
322 2834 422 2898 πόλιν
445 2829 591 2917 Ὀρτῶνα
622 2831 704 2896 κατὰ
738 2830 858 2918 κράτος
885 2832 1031 2918 αίρούσι·
1059 2828 1115 2895 καλ

99 2937 340 3026 διαρπάσαντες
365 2938 405 3004 τά
432 2936 461 3003 τ’
489 2936 524 3002 ἐκ
552 2946 609 3022 τῆς
636 2939 745 3025 χώρας
765 2935 823 3032 Ικαὶ
846 2938 887 3002 τὰ
909 2946 967 3022 τής
988 2939 1115 3012 πόλεως
1130 2955 1156 2996 ετ

98 3043 248 3134 ἀπῄεσαν
280 3046 440 3130 εὐπορίαν
470 3044 598 3128 πολλήν
626 3044 793 3129 ἀγόμενοι.
846 3041 1044 3109 Οὐιεντανοὶ
1077 3037 1154 3110 δέ2

172 3211 185 3257 1
206 3201 292 3272 κατὰ]
311 3200 360 3255 καί
379 3200 401 3255 Ο
421 3217 490 3256 corr.
511 3197 632 3270 Sylbu'rg
693 3207 708 3254 2
729 3200 967 3256 ἀποδεικνύουσιν
986 3199 1039 3253 ΑΒ
1099 3206 1116 3254 3

100 3271 254 3330 ίουλλονΟ
289 3279 293 3337 Ι
327 3273 581 3342 *φιλοδημοτικῶν
601 3271 624 3326 Ο
648 3273 807 3341 δημοτικῶν
826 3271 915 3326 Cobet
934 3271 999 3326 obs.
1020 3289 1048 3341 p.
1066 3275 1116 3325 172

99 3352 114 3400 δ
134 3345 187 3417 μέν
207 3343 272 3397 add.
287 3343 391 3398 Reiske
407 3347 411 3413 1
428 3343 513 3398 οὐδὲν
532 3342 616 3398 ἕνεκα
635 3343 658 3395 Β
677 3343 720 3411 (ἓν
741 3342 772 3399 ἓν
787 3343 818 3396 in
835 3345 902 3412 rae.)
959 3350 973 3397 7
993 3351 1042 3412 τῆς
1061 3359 1115 3397 om.

98 3417 121 3469 Β
202 3421 235 3470 19
258 3416 425 3469 Οὐεντανῶν
448 3413 538 3469 αἰτεῖν
562 3412 762 3485 ψηφισαμένης
780 3415 937 3483 ἀπολογίαν
956 3413 979 3468 0
1002 3416 1116 3484 praeter

99 3487 127 3541 B'
206 3490 242 3539 24
256 3484 364 3557 Ὁρῶνα
383 3487 405 3542 Ο
426 3502 495 3540 corr.
517 3485 639 3555 Sylburg
725 3492 760 3542 26
779 3481 950 3556 ἀπαγόμενοι
968 3502 992 3540 ο.
1011 3485 1115 3540 Reiske
