2656 3974
193 245 258 310 336
618 247 785 300 -Θ-

157 411 363 494 2ττολεμίοις
390 407 628 495 συμφέρεσθαι.
674 411 800 492 γίνεται
827 410 870 493 δὴ
897 409 977 493 μετὰ
999 419 1097 476 τοῦτο
1121 409 1211 496 πάση

191 519 366 603 προθυμίην
387 525 454 580 τῶν
477 518 661 600 Τυρρηνῶν
683 512 938 600 ἀγωνιζομένων
960 517 1025 601 πρὸ
1047 523 1106 598 τῆς
1127 537 1212 602 παρ-

192 627 335 707 εμβολῆς
354 622 444 701 ὀξεῖα
462 623 548 707 μάχη
566 619 622 687 καὶ
641 625 747 707 φόνος
763 621 961 707 ἀμφοτέρων
979 623 1096 706 πολύς,
1119 624 1212 707 ἰσόρ-

191 733 295 815 ροπός
312 751 347 794 τε
365 727 421 794 καί
440 727 535 814 μέχρι
548 732 677 794 πολλοῦ
690 727 955 813 ταλαντευομένη
969 730 1048 815 τῇδε
1061 727 1118 794 καί
1131 731 1211 812 τῇδε

167 835 213 919 εὴ
228 837 337 921 κρίσις
354 845 415 901 τοῦ
428 833 586 919 πολέμου.
610 831 709 901 ἔπειτ’
727 834 889 902 ἐνέδοσαν
907 837 943 902 οἰ
958 832 1127 922 Τυρρηνοὶ
1143 835 1210 901 ὑπὸ

192 949 249 1024 τῆς
261 938 442 1026 Ῥωμαικῆς
456 940 657 1020 ἐξωσθέντες
671 943 774 1008 ἵππου
788 940 844 1007 καί
857 941 1076 1029 ἀπεχώρησαν
1089 943 1138 1019 εἰς
1150 941 1211 1008 τὸν

191 1047 335 1132 χάρακα,
365 1048 383 1114 6
408 1046 438 1112 δ’
465 1049 589 1126 ὕπατος
615 1048 815 1133 ἠκολούθει,
843 1047 899 1114 καί
926 1048 1040 1134 ἐπειδὴ
1068 1053 1212 1133 πλησίον

192 1151 323 1238 ἐγένετο
339 1165 407 1220 τῶν
421 1154 595 1241 ἐρυμάτων
611 1191 648 1202 -
665 1151 709 1239 ἦν
723 1151 761 1220 δὲ
774 1156 911 1241 φαύλως
924 1154 1212 1240 κατεσκευασμένα

191 1258 247 1325 καί
265 1263 303 1327 τὸ
322 1265 457 1347 χωρίον,
480 1261 590 1346 ὥσπερ
609 1264 707 1346 ἐφην,
725 1261 767 1327 οὐ
784 1261 874 1326 πάνυ
892 1259 1038 1347 ἀσφαλές
1053 1299 1092 1310 -
1108 1278 1212 1349 προσ-

152 1388 178 1427 10
193 1365 289 1452 έβαλε
308 1368 389 1434 κατὰ
407 1368 521 1439 πολλὰι
532 1364 614 1454 μέρη
633 1370 672 1433 τό
689 1389 724 1432 τε
743 1370 862 1433 λοιπὸν
876 1365 1004 1450 ἐκείνης
1016 1377 1075 1452 τῆς
1087 1368 1282 1454 ἡμέρας1839

192 1472 293 1560 μέρος
325 1473 598 1559 ἐπιταλαιπωρῶν
629 1472 686 1539 καί
716 1470 796 1539 οὐδὲ
824 1474 887 1557 τὴν
917 1473 1077 1541 ἐπιοῦσαν
1106 1475 1211 1540 νύκτα

157 1579 479 1664 δάναπαυσάμενος.
525 1580 561 1646 οἰ
586 1576 624 1646 δὲ
652 1577 819 1666 Τυρρηνοὶ
843 1590 915 1656 ταῖς
937 1578 1092 1665 συνεχέσι
1113 1604 1212 1646 κακο-

193 1690 350 1762 παθείαις
372 1685 585 1770 ἀπειρηκότες
607 1685 797 1752 ἐκλείπουσι
819 1687 880 1752 τὸν
901 1686 1029 1772 χάρακα
1051 1684 1128 1770 περὶ
1150 1688 1211 1753 τὸν

192 1794 322 1879 ὄρθρον
351 1795 407 1857 καί
434 1793 470 1858 οἰ
494 1788 556 1877 μέν
583 1794 631 1870 εἰς
658 1793 721 1876 την
747 1795 848 1858 πόλιν
875 1795 1018 1878 ἔφυγον,
1046 1793 1082 1857 οἰ
1106 1790 1137 1858 δ’
1164 1795 1212 1870 εἰς

153 1917 179 1959 15
193 1899 250 1975 τὰς
281 1903 425 1984 πλησίον
456 1899 539 1976 ύλας
568 1897 828 1982 ἐσκεδάσθησαν.
878 1900 1060 1983 γενόμενος
1088 1896 1127 1964 δὲ
1156 1897 1212 1965 καὶ

192 2008 313 2072 τούτου
336 2015 396 2072 τοῦ
419 2007 562 2092 χάρακος
584 2004 743 2093 ἐγκρατὴς
765 2004 897 2088 ἐκείνην
920 2001 982 2090 μέν
1004 2007 1066 2090 την
1083 2004 1211 2091 ἡμέραν
1315 2093 1316 2100 χ

193 2111 358 2179 ἀνέπαυσε
381 2113 443 2196 τὴν
466 2113 636 2198 στρατιάν,
657 2121 697 2198 τῇ
721 2109 752 2177 δ’
776 2109 849 2196 ἑξῆς
868 2112 909 2177 τά
925 2135 961 2177 τε
980 2113 1125 2198 λάφυρα,
1149 2113 1212 2180 ὅσα
1315 2105 1316 2108 “

192 2218 226 2297 ἐξ
250 2216 447 2306 ἀμφοτέρων
469 2221 599 2305 εἰλήφει
621 2231 689 2286 τῶν
712 2217 956 2305 στρατοπέδων,
979 2216 1123 2304 διένειμε
1141 2231 1212 2298 τοις
1314 2225 1315 2255 ¹

193 2324 455 2410 ἀγωνισαμένοις
476 2326 584 2392 πολλὰ
607 2327 699 2409 ὄντα,
721 2327 777 2401 καί
799 2328 878 2402 τοὺς
895 2325 1155 2410 ἀριστεύσαντας
1174 2326 1212 2392 ἐν
1313 2372 1314 2395 ι

152 2412 264 2526 ,ᾗταίς
291 2432 410 2518 μάχαις
435 2444 506 2510 τοίς
532 2435 694 2499 εἰωθόσιν
721 2430 853 2516 ἐκόσμει
876 2432 1063 2516 στεφάνοις.
1107 2428 1153 2516 ἦν
1175 2429 1207 2497 δ’
1312 2517 1313 2536 ¹

192 2538 211 2604 6
233 2538 392 2623 κράτιστα
409 2539 545 2604 πάντων
563 2537 796 2621 ἀγωνίσασθαι
815 2537 914 2616 δόξας
930 2535 987 2604 καί
1004 2539 1213 2624 τρεψάμενος

191 2646 254 2729 την
285 2644 499 2710 Οὐιεντανῶν
533 2646 678 2729 δύναμιν
708 2647 907 2729 Σερουίλιος
935 2643 954 2710 δ
983 2652 1029 2731 τῷ
1059 2645 1211 2734 προτέρῳ
1311 2655 1312 2658 ’

191 2751 378 2828 ὑπατεύσας
405 2754 471 2816 ἔτει
497 2749 553 2817 καί
579 2753 641 2836 την
666 2749 720 2815 ἐπὶ
742 2761 803 2816 τοῦ
826 2752 936 2835 δήμου
959 2751 1057 2836 δίκην
1080 2751 1212 2838 ἀποφν-
1310 2793 1311 2818 ι

191 2859 273 2942 γών,
295 2860 499 2945 πρεσβευτὴς
520 2862 594 2924 τότε
617 2867 663 2946 τῷ
688 2857 870 2947 Οὐαλερίῳ.
884 2861 1133 2942 συμπεμφθείς,
1156 2857 1212 2924 καί
1309 2933 1310 2961 ρ

152 2961 247 3028 1ιέπί
274 2974 314 3050 τῇ
342 2964 490 3054 ἀριστείᾳ
517 2967 596 3051 τῇδε
622 2965 681 3040 τὰς
706 2961 923 3048 νομιζομένας
945 2959 1033 3029 εἰναι
1055 2969 1212 3049 μεγίστας

192 3070 281 3155 παρὰ
304 3067 476 3156 Ῥωμαίοις
503 3072 630 3158 δωρεὰς
658 3064 755 3147 οὗτος
781 3065 824 3154 ἦν
848 3070 866 3136 6
889 3081 1020 3157 πρῶτος
1042 3069 1212 3156 ἐξενεγκά-
1308 3057 1309 3101 ἰ

192 3200 299 3260 μενος.
345 3179 426 3262 μετὰ
453 3187 556 3244 ταῦτα
582 3178 662 3254 τούς
685 3199 720 3242 τε
743 3187 810 3241 τῶν
833 3180 1002 3261 πολεμίων
1025 3180 1213 3257 σκυλεύσας
1306 3165 1308 3243 ἰ

264 3366 431 3438 θίσόροπος
448 3369 495 3424 Ba
567 3376 600 3423 11
621 3364 895 3443 ἐπιταλ<αι>κωρῶν
913 3368 961 3423 Ba
1033 3374 1067 3423 14
1087 3367 1214 3442 ἔφευγον
1306 3297 1307 3381 6

193 3436 343 3529 Οέφυγομ
363 3441 486 3511 Sylburg
568 3447 601 3496 17
624 3461 654 3496 τε
673 3458 728 3496 om.
747 3444 773 3496 A
855 3445 888 3495 18
907 3438 1018 3510 εἰλήφει
1035 3449 1092 3495 τῶν
1113 3443 1215 3500 om.A
1303 3409 1306 3526 δ

192 3513 228 3562 20
251 3512 324 3576 ηνδ
355 3511 414 3565 ὁΑ
439 3511 547 3567 δδὲΒ
1304 3533 1305 3538 ’
