<?xml version="1.0" encoding="UTF-8"?>
<!DOCTYPE html PUBLIC "-//W3C//DTD XHTML 1.0 Transitional//EN"
    "http://www.w3.org/TR/xhtml1/DTD/xhtml1-transitional.dtd">
<html xmlns="http://www.w3.org/1999/xhtml" xml:lang="en" lang="en">
 <head>
  <title>
</title>
<meta http-equiv="Content-Type" content="text/html;charset=utf-8" />
  <meta name='ocr-system' content='tesseract 3.04.00' />
  <meta name='ocr-capabilities' content='ocr_page ocr_carea ocr_par ocr_line ocrx_word'/>
</head>
<body>
  <div class='ocr_page' id='page_1' title='image "./dionysihalicarn00unkngoog/dionysihalicarn00unkngoog_0190.png"; bbox 0 0 2660 3976; ppageno 0'>
   <div class='ocr_carea' id='block_1_1' title="bbox 201 253 790 318">
    <p class='ocr_par' dir='ltr' id='par_1_1' title="bbox 201 253 790 318">
     <span class='ocr_line' id='line_1_1' title="bbox 201 253 790 318; baseline 0 0"><span class='ocrx_word' id='word_1_1' title='bbox 201 254 265 318; x_wconf 80' lang='grc'><strong><em>178</em></strong></span> <span class='ocrx_word' id='word_1_2' title='bbox 623 253 790 303; x_wconf 84' lang='grc' dir='ltr'><strong><em>-Η-</em></strong></span> 
     </span>
    </p>
   </div>
   <div class='ocr_carea' id='block_1_2' title="bbox 125 405 1313 3439">
    <p class='ocr_par' dir='ltr' id='par_1_2' title="bbox 125 405 1313 3439">
     <span class='ocr_line' id='line_1_2' title="bbox 198 405 1313 500; baseline -0.007 -18"><span class='ocrx_word' id='word_1_3' title='bbox 198 418 257 494; x_wconf 78' lang='grc' dir='ltr'><strong><em>τὰς</em></strong></span> <span class='ocrx_word' id='word_1_4' title='bbox 287 413 360 500; x_wconf 79' lang='grc' dir='ltr'><strong><em>ἑξῆς</em></strong></span> <span class='ocrx_word' id='word_1_5' title='bbox 392 414 516 499; x_wconf 81' lang='grc' dir='ltr'><strong><em>ἐχώρει,</em></strong></span> <span class='ocrx_word' id='word_1_6' title='bbox 562 411 736 497; x_wconf 72' lang='grc' dir='ltr'><strong><em>Ἀλβιητας</em></strong></span> <span class='ocrx_word' id='word_1_7' title='bbox 772 406 834 495; x_wconf 73' lang='grc' dir='ltr'><strong><em>μὲν</em></strong></span> <span class='ocrx_word' id='word_1_8' title='bbox 865 405 929 477; x_wconf 85' lang='grc' dir='ltr'><strong><em>οὖν</em></strong></span> <span class='ocrx_word' id='word_1_9' title='bbox 961 409 1017 477; x_wconf 83' lang='grc' dir='ltr'><strong><em>καὶ</em></strong></span> <span class='ocrx_word' id='word_1_10' title='bbox 1043 414 1218 494; x_wconf 89' lang='grc' dir='ltr'><strong><em>Μογιλλα-</em></strong></span> <span class='ocrx_word' id='word_1_11' title='bbox 1312 435 1313 440; x_wconf 63' lang='grc'>’</span> 
     </span>
     <span class='ocr_line' id='line_1_3' title="bbox 199 513 1219 608; baseline -0.008 -20"><span class='ocrx_word' id='word_1_12' title='bbox 199 525 281 601; x_wconf 83' lang='grc' dir='ltr'><strong><em>νοὺς</em></strong></span> <span class='ocrx_word' id='word_1_13' title='bbox 303 521 340 588; x_wconf 92' lang='grc' dir='ltr'><strong><em>ἐκ</em></strong></span> <span class='ocrx_word' id='word_1_14' title='bbox 358 522 566 608; x_wconf 78' lang='grc' dir='ltr'><strong><em>τειχομαχίας</em></strong></span> <span class='ocrx_word' id='word_1_15' title='bbox 583 519 681 605; x_wconf 77' lang='grc' dir='ltr'><strong><em>αἱρεῖ,</em></strong></span> <span class='ocrx_word' id='word_1_16' title='bbox 704 521 962 604; x_wconf 64' lang='grc' dir='ltr'><strong><em>ῒχωριελανοδς</em></strong></span> <span class='ocrx_word' id='word_1_17' title='bbox 982 513 1020 582; x_wconf 77' lang='grc' dir='ltr'><strong><em>δέ</em></strong></span> <span class='ocrx_word' id='word_1_18' title='bbox 1037 514 1116 582; x_wconf 71' lang='grc' dir='ltr'><strong><em>καθ’</em></strong></span> <span class='ocrx_word' id='word_1_19' title='bbox 1140 517 1219 602; x_wconf 75' lang='grc' dir='ltr'><strong><em>ὁμο</em></strong></span> 
     </span>
     <span class='ocr_line' id='line_1_4' title="bbox 125 618 1219 720; baseline -0.006 -24"><span class='ocrx_word' id='word_1_20' title='bbox 125 631 186 720; x_wconf 49' lang='lat'><strong><em>„3</em></strong></span> <span class='ocrx_word' id='word_1_21' title='bbox 200 631 314 713; x_wconf 78' lang='grc' dir='ltr'><strong><em>λογίας</em></strong></span> <span class='ocrx_word' id='word_1_22' title='bbox 339 627 600 715; x_wconf 88' lang='grc' dir='ltr'><strong><em>παραλαμβάνει.</em></strong></span> <span class='ocrx_word' id='word_1_23' title='bbox 650 626 830 712; x_wconf 83' lang='grc' dir='ltr'><strong><em>γενόμενος</em></strong></span> <span class='ocrx_word' id='word_1_24' title='bbox 859 618 891 690; x_wconf 86' lang='grc' dir='ltr'><strong><em>δ’</em></strong></span> <span class='ocrx_word' id='word_1_25' title='bbox 921 623 960 690; x_wconf 88' lang='grc' dir='ltr'><strong><em>ἐν</em></strong></span> <span class='ocrx_word' id='word_1_26' title='bbox 985 621 1123 711; x_wconf 76' lang='grc' dir='ltr'><strong><em>ἡμέραις</em></strong></span> <span class='ocrx_word' id='word_1_27' title='bbox 1149 647 1219 711; x_wconf 88' lang='grc' dir='ltr'><strong><em>τρι-</em></strong></span> 
     </span>
     <span class='ocr_line' id='line_1_5' title="bbox 200 724 1219 818; baseline -0.006 -17"><span class='ocrx_word' id='word_1_28' title='bbox 200 737 324 803; x_wconf 89' lang='grc' dir='ltr'><strong><em>άκοντα</em></strong></span> <span class='ocrx_word' id='word_1_29' title='bbox 345 737 476 800; x_wconf 87' lang='grc' dir='ltr'><strong><em>πόλεων</em></strong></span> <span class='ocrx_word' id='word_1_30' title='bbox 500 730 579 798; x_wconf 84' lang='grc' dir='ltr'><strong><em>ἑκτδ</em></strong></span> <span class='ocrx_word' id='word_1_31' title='bbox 601 732 715 818; x_wconf 83' lang='grc' dir='ltr'><strong><em>κύριος</em></strong></span> <span class='ocrx_word' id='word_1_32' title='bbox 733 724 813 814; x_wconf 76' lang='grc' dir='ltr'><strong><em>ἧκεν</em></strong></span> <span class='ocrx_word' id='word_1_33' title='bbox 833 729 887 796; x_wconf 80' lang='grc' dir='ltr'><strong><em>ἐπὶ</em></strong></span> <span class='ocrx_word' id='word_1_34' title='bbox 904 731 966 814; x_wconf 78' lang='grc' dir='ltr'><strong><em>τὴν</em></strong></span> <span class='ocrx_word' id='word_1_35' title='bbox 979 728 1108 816; x_wconf 84' lang='grc' dir='ltr'><strong><em>Ῥώμην</em></strong></span> <span class='ocrx_word' id='word_1_36' title='bbox 1127 731 1219 814; x_wconf 81' lang='grc' dir='ltr'><strong><em>άγων</em></strong></span> 
     </span>
     <span class='ocr_line' id='line_1_6' title="bbox 172 831 1220 925; baseline -0.001 -20"><span class='ocrx_word' id='word_1_37' title='bbox 172 843 287 908; x_wconf 82' lang='grc' dir='ltr'><strong><em>τπολὺ</em></strong></span> <span class='ocrx_word' id='word_1_38' title='bbox 314 843 416 906; x_wconf 85' lang='grc' dir='ltr'><strong><em>πλείω</em></strong></span> <span class='ocrx_word' id='word_1_39' title='bbox 440 837 597 925; x_wconf 77' lang='grc' dir='ltr'><strong><em>στρατιὰν</em></strong></span> <span class='ocrx_word' id='word_1_40' title='bbox 619 845 677 922; x_wconf 80' lang='grc' dir='ltr'><strong><em>τῆς</em></strong></span> <span class='ocrx_word' id='word_1_41' title='bbox 698 831 859 921; x_wconf 75' lang='grc' dir='ltr'><strong><em>προτέρας</em></strong></span> <span class='ocrx_word' id='word_1_42' title='bbox 880 835 936 902; x_wconf 80' lang='grc' dir='ltr'><strong><em>καὶ</em></strong></span> <span class='ocrx_word' id='word_1_43' title='bbox 959 838 1116 915; x_wconf 76' lang='grc' dir='ltr'><strong><em>σταδίους</em></strong></span> <span class='ocrx_word' id='word_1_44' title='bbox 1138 836 1220 904; x_wconf 82' lang='grc' dir='ltr'><strong><em>ἄπο-</em></strong></span> 
     </span>
     <span class='ocr_line' id='line_1_7' title="bbox 201 942 1220 1033; baseline -0.005 -20"><span class='ocrx_word' id='word_1_45' title='bbox 201 949 290 1033; x_wconf 82' lang='grc' dir='ltr'><strong><em>σχὼν</em></strong></span> <span class='ocrx_word' id='word_1_46' title='bbox 317 955 375 1030; x_wconf 75' lang='grc' dir='ltr'><strong><em>τῆς</em></strong></span> <span class='ocrx_word' id='word_1_47' title='bbox 403 947 529 1022; x_wconf 86' lang='grc' dir='ltr'><strong><em>πόλεως</em></strong></span> <span class='ocrx_word' id='word_1_48' title='bbox 552 943 654 1032; x_wconf 82' lang='grc' dir='ltr'><strong><em>δλίγφ</em></strong></span> <span class='ocrx_word' id='word_1_49' title='bbox 677 946 811 1020; x_wconf 87' lang='grc' dir='ltr'><strong><em>πλείους</em></strong></span> <span class='ocrx_word' id='word_1_50' title='bbox 836 953 904 1008; x_wconf 80' lang='grc' dir='ltr'><strong><em>τῶν</em></strong></span> <span class='ocrx_word' id='word_1_51' title='bbox 928 942 1106 1030; x_wconf 90' lang='grc' dir='ltr'><strong><em>τριάκοντα</em></strong></span> <span class='ocrx_word' id='word_1_52' title='bbox 1129 944 1220 1030; x_wconf 76' lang='grc' dir='ltr'><strong><em>παρὰ</em></strong></span> 
     </span>
     <span class='ocr_line' id='line_1_8' title="bbox 200 1048 1220 1136; baseline -0.004 -19"><span class='ocrx_word' id='word_1_53' title='bbox 200 1053 262 1136; x_wconf 80' lang='grc' dir='ltr'><strong><em>τὴν</em></strong></span> <span class='ocrx_word' id='word_1_54' title='bbox 276 1050 330 1117; x_wconf 83' lang='grc' dir='ltr'><strong><em>ἐπὶ</em></strong></span> <span class='ocrx_word' id='word_1_55' title='bbox 343 1053 557 1127; x_wconf 69' lang='grc' dir='ltr'><strong><em>Τυσκλανοὺς</em></strong></span> <span class='ocrx_word' id='word_1_56' title='bbox 569 1048 741 1134; x_wconf 80' lang='grc' dir='ltr'><strong><em>φέρουσαν</em></strong></span> <span class='ocrx_word' id='word_1_57' title='bbox 755 1049 838 1115; x_wconf 81' lang='grc' dir='ltr'><strong><em>ὁδὸν</em></strong></span> <span class='ocrx_word' id='word_1_58' title='bbox 848 1048 1220 1135; x_wconf 85' lang='grc' dir='ltr'><strong><em>κατεστρατοπέδευσεν.</em></strong></span> 
     </span>
     <span class='ocr_line' id='line_1_9' title="bbox 152 1147 1221 1245; baseline -0.001 -24"><span class='ocrx_word' id='word_1_59' title='bbox 152 1147 238 1221; x_wconf 53' lang='grc' dir='ltr'><strong><em>’ἐν</em></strong></span> <span class='ocrx_word' id='word_1_60' title='bbox 261 1149 288 1245; x_wconf 75' lang='grc' dir='ltr'><strong><em>ιβ</em></strong></span> <span class='ocrx_word' id='word_1_61' title='bbox 313 1153 350 1222; x_wconf 76' lang='grc' dir='ltr'><strong><em>δέ</em></strong></span> <span class='ocrx_word' id='word_1_62' title='bbox 373 1158 430 1234; x_wconf 82' lang='grc' dir='ltr'><strong><em>τάς</em></strong></span> <span class='ocrx_word' id='word_1_63' title='bbox 448 1160 605 1223; x_wconf 84' lang='grc' dir='ltr'><strong><em>Λατίνων</em></strong></span> <span class='ocrx_word' id='word_1_64' title='bbox 624 1153 732 1241; x_wconf 81' lang='grc' dir='ltr'><strong><em>ἐξῄρει</em></strong></span> <span class='ocrx_word' id='word_1_65' title='bbox 754 1178 789 1220; x_wconf 89' lang='grc' dir='ltr'><strong><em>τε</em></strong></span> <span class='ocrx_word' id='word_1_66' title='bbox 812 1152 868 1220; x_wconf 82' lang='grc' dir='ltr'><strong><em>καὶ</em></strong></span> <span class='ocrx_word' id='word_1_67' title='bbox 889 1158 1074 1242; x_wconf 77' lang='grc' dir='ltr'><strong><em>προσήγετο</em></strong></span> <span class='ocrx_word' id='word_1_68' title='bbox 1095 1160 1221 1241; x_wconf 87' lang='grc' dir='ltr'><strong><em>πόλεις,</em></strong></span> 
     </span>
     <span class='ocr_line' id='line_1_10' title="bbox 196 1260 1279 1351; baseline -0.002 -22"><span class='ocrx_word' id='word_1_69' title='bbox 196 1261 368 1349; x_wconf 86' lang='grc' dir='ltr'><strong><em>Ῥωμαίοις</em></strong></span> <span class='ocrx_word' id='word_1_70' title='bbox 394 1266 477 1351; x_wconf 85' lang='grc' dir='ltr'><strong><em>πρὸς</em></strong></span> <span class='ocrx_word' id='word_1_71' title='bbox 504 1265 562 1340; x_wconf 78' lang='grc' dir='ltr'><strong><em>τὰς</em></strong></span> <span class='ocrx_word' id='word_1_72' title='bbox 589 1260 744 1345; x_wconf 82' lang='grc' dir='ltr'><strong><em>ἐπιταγὰς</em></strong></span> <span class='ocrx_word' id='word_1_73' title='bbox 771 1262 874 1330; x_wconf 84' lang='grc' dir='ltr'><strong><em>αὐτοῦ</em></strong></span> <span class='ocrx_word' id='word_1_74' title='bbox 901 1264 1009 1329; x_wconf 80' lang='grc' dir='ltr'><strong><em>πολλὰ</em></strong></span> <span class='ocrx_word' id='word_1_75' title='bbox 1035 1266 1279 1347; x_wconf 75' lang='grc' dir='ltr'><strong><em>βουλευσα-ιεεο</em></strong></span> 
     </span>
     <span class='ocr_line' id='line_1_11' title="bbox 162 1365 1217 1456; baseline 0 -22"><span class='ocrx_word' id='word_1_76' title='bbox 162 1395 188 1434; x_wconf 85' lang='grc' dir='ltr'><strong><em>ω</em></strong></span> <span class='ocrx_word' id='word_1_77' title='bbox 201 1369 317 1456; x_wconf 83' lang='grc' dir='ltr'><strong><em>μένοις</em></strong></span> <span class='ocrx_word' id='word_1_78' title='bbox 345 1369 437 1449; x_wconf 81' lang='grc' dir='ltr'><strong><em>ἔδοξε</em></strong></span> <span class='ocrx_word' id='word_1_79' title='bbox 467 1365 572 1454; x_wconf 76' lang='grc' dir='ltr'><strong><em>μηδὲν</em></strong></span> <span class='ocrx_word' id='word_1_80' title='bbox 601 1367 740 1447; x_wconf 84' lang='grc' dir='ltr'><strong><em>ἀνάξιον</em></strong></span> <span class='ocrx_word' id='word_1_81' title='bbox 762 1381 873 1435; x_wconf 89' lang='grc' dir='ltr'><strong><em>ποιεῖν</em></strong></span> <span class='ocrx_word' id='word_1_82' title='bbox 895 1378 954 1452; x_wconf 78' lang='grc' dir='ltr'><strong><em>τῆς</em></strong></span> <span class='ocrx_word' id='word_1_83' title='bbox 975 1372 1114 1453; x_wconf 88' lang='grc' dir='ltr'><strong><em>πόλεως,</em></strong></span> <span class='ocrx_word' id='word_1_84' title='bbox 1143 1365 1217 1435; x_wconf 76' lang='grc' dir='ltr'><strong><em>ἀλλ’</em></strong></span> 
     </span>
     <span class='ocr_line' id='line_1_12' title="bbox 202 1472 1223 1561; baseline -0.001 -20"><span class='ocrx_word' id='word_1_85' title='bbox 202 1474 261 1542; x_wconf 84' lang='grc' dir='ltr'><strong><em>ἐάν</em></strong></span> <span class='ocrx_word' id='word_1_86' title='bbox 288 1472 350 1561; x_wconf 70' lang='grc' dir='ltr'><strong><em>μὲν</em></strong></span> <span class='ocrx_word' id='word_1_87' title='bbox 377 1474 569 1542; x_wconf 73' lang='grc' dir='ltr'><strong><em>ἀπέλθωσιν</em></strong></span> <span class='ocrx_word' id='word_1_88' title='bbox 597 1473 708 1540; x_wconf 75' lang='grc' dir='ltr'><strong><em>αὐτῶν</em></strong></span> <span class='ocrx_word' id='word_1_89' title='bbox 738 1474 775 1540; x_wconf 92' lang='grc' dir='ltr'><strong><em>ἐκ</em></strong></span> <span class='ocrx_word' id='word_1_90' title='bbox 796 1483 855 1558; x_wconf 76' lang='grc' dir='ltr'><strong><em>τῆς</em></strong></span> <span class='ocrx_word' id='word_1_91' title='bbox 876 1476 986 1561; x_wconf 82' lang='grc' dir='ltr'><strong><em>χώρας</em></strong></span> <span class='ocrx_word' id='word_1_92' title='bbox 1010 1475 1223 1542; x_wconf 83' lang='grc' dir='ltr'><strong><em>Οὐολοῦσκοι</em></strong></span> 
     </span>
     <span class='ocr_line' id='line_1_13' title="bbox 201 1578 1222 1674; baseline 0.001 -27"><span class='ocrx_word' id='word_1_93' title='bbox 201 1580 257 1647; x_wconf 82' lang='grc' dir='ltr'><strong><em>καὶ</em></strong></span> <span class='ocrx_word' id='word_1_94' title='bbox 283 1591 341 1667; x_wconf 80' lang='grc' dir='ltr'><strong><em>τῆς</em></strong></span> <span class='ocrx_word' id='word_1_95' title='bbox 367 1594 434 1648; x_wconf 83' lang='grc' dir='ltr'><strong><em>των</em></strong></span> <span class='ocrx_word' id='word_1_96' title='bbox 462 1582 644 1667; x_wconf 88' lang='grc' dir='ltr'><strong><em>συμμάχων</em></strong></span> <span class='ocrx_word' id='word_1_97' title='bbox 670 1603 705 1646; x_wconf 87' lang='grc' dir='ltr'><strong><em>τε</em></strong></span> <span class='ocrx_word' id='word_1_98' title='bbox 728 1578 783 1674; x_wconf 82' lang='grc' dir='ltr'><strong><em>καὶ</em></strong></span> <span class='ocrx_word' id='word_1_99' title='bbox 805 1580 962 1666; x_wconf 80' lang='grc' dir='ltr'><strong><em>ὑπηκόων</em></strong></span> <span class='ocrx_word' id='word_1_100' title='bbox 988 1584 1093 1666; x_wconf 73' lang='grc' dir='ltr'><strong><em>[γῆς],</em></strong></span> <span class='ocrx_word' id='word_1_101' title='bbox 1120 1580 1222 1666; x_wconf 77' lang='grc' dir='ltr'><strong><em>&lt;καδ&gt;</em></strong></span> 
     </span>
     <span class='ocr_line' id='line_1_14' title="bbox 201 1684 1223 1773; baseline 0 -19"><span class='ocrx_word' id='word_1_102' title='bbox 201 1687 466 1772; x_wconf 79' lang='grc' dir='ltr'><strong><em>καταλυσάμενοι</em></strong></span> <span class='ocrx_word' id='word_1_103' title='bbox 488 1690 547 1755; x_wconf 83' lang='grc' dir='ltr'><strong><em>τὸν</em></strong></span> <span class='ocrx_word' id='word_1_104' title='bbox 565 1689 711 1772; x_wconf 85' lang='grc' dir='ltr'><strong><em>πόλεμον</em></strong></span> <span class='ocrx_word' id='word_1_105' title='bbox 729 1684 883 1773; x_wconf 83' lang='grc' dir='ltr'><strong><em>πρέσβεις</em></strong></span> <span class='ocrx_word' id='word_1_106' title='bbox 903 1686 1124 1754; x_wconf 83' lang='grc' dir='ltr'><strong><em>ἀποστείλωσι</em></strong></span> <span class='ocrx_word' id='word_1_107' title='bbox 1142 1691 1223 1765; x_wconf 82' lang='grc' dir='ltr'><strong><em>τοὺς</em></strong></span> 
     </span>
     <span class='ocr_line' id='line_1_15' title="bbox 202 1792 1313 1882; baseline 0.001 -22"><span class='ocrx_word' id='word_1_108' title='bbox 202 1792 456 1879; x_wconf 75' lang='grc' dir='ltr'><strong><em>διαλεξομένους</em></strong></span> <span class='ocrx_word' id='word_1_109' title='bbox 473 1792 548 1882; x_wconf 81' lang='grc' dir='ltr'><strong><em>περὶ</em></strong></span> <span class='ocrx_word' id='word_1_110' title='bbox 565 1797 689 1878; x_wconf 81' lang='grc' dir='ltr'><strong><em>φιλίας,</em></strong></span> <span class='ocrx_word' id='word_1_111' title='bbox 707 1796 953 1879; x_wconf 82' lang='grc' dir='ltr'><strong><em>προβουλεῦσαι</em></strong></span> <span class='ocrx_word' id='word_1_112' title='bbox 970 1796 1009 1860; x_wconf 90' lang='grc' dir='ltr'><strong><em>τὸ</em></strong></span> <span class='ocrx_word' id='word_1_113' title='bbox 1029 1792 1223 1880; x_wconf 89' lang='grc' dir='ltr'><strong><em>συνέδριον,</em></strong></span> <span class='ocrx_word' id='word_1_114' title='bbox 1312 1834 1313 1844; x_wconf 39' lang='lat'>¹</span> 
     </span>
     <span class='ocr_line' id='line_1_16' title="bbox 163 1892 1313 1986; baseline 0.001 -22"><span class='ocrx_word' id='word_1_115' title='bbox 163 1923 189 1964; x_wconf 81' lang='grc' dir='ltr'><strong><em>ιε</em></strong></span> <span class='ocrx_word' id='word_1_116' title='bbox 203 1897 254 1986; x_wconf 82' lang='grc' dir='ltr'><strong><em>ἐφ’</em></strong></span> <span class='ocrx_word' id='word_1_117' title='bbox 282 1892 332 1978; x_wconf 75' lang='grc' dir='ltr'><strong><em>οἷς</em></strong></span> <span class='ocrx_word' id='word_1_118' title='bbox 361 1902 494 1967; x_wconf 80' lang='grc' dir='ltr'><strong><em>ἔσονται</em></strong></span> <span class='ocrx_word' id='word_1_119' title='bbox 524 1902 665 1978; x_wconf 88' lang='grc' dir='ltr'><strong><em>δικαίοις</em></strong></span> <span class='ocrx_word' id='word_1_120' title='bbox 694 1903 806 1985; x_wconf 82' lang='grc' dir='ltr'><strong><em>φίλοι,</em></strong></span> <span class='ocrx_word' id='word_1_121' title='bbox 838 1898 894 1965; x_wconf 82' lang='grc' dir='ltr'><strong><em>καί</em></strong></span> <span class='ocrx_word' id='word_1_122' title='bbox 923 1901 963 1966; x_wconf 79' lang='grc' dir='ltr'><strong><em>τά</em></strong></span> <span class='ocrx_word' id='word_1_123' title='bbox 982 1899 1223 1985; x_wconf 71' lang='grc' dir='ltr'><strong><em>βουλευθέντα</em></strong></span> <span class='ocrx_word' id='word_1_124' title='bbox 1312 1941 1313 1950; x_wconf 45' lang='lat'>1</span> 
     </span>
     <span class='ocr_line' id='line_1_17' title="bbox 202 2001 1223 2095; baseline -0.001 -22"><span class='ocrx_word' id='word_1_125' title='bbox 202 2009 250 2086; x_wconf 85' lang='grc' dir='ltr'><strong><em>εἰς</em></strong></span> <span class='ocrx_word' id='word_1_126' title='bbox 276 2008 335 2074; x_wconf 82' lang='grc' dir='ltr'><strong><em>τὸν</em></strong></span> <span class='ocrx_word' id='word_1_127' title='bbox 358 2007 466 2092; x_wconf 80' lang='grc' dir='ltr'><strong><em>δῆμον</em></strong></span> <span class='ocrx_word' id='word_1_128' title='bbox 493 2005 687 2090; x_wconf 78' lang='grc' dir='ltr'><strong><em>ἐξενεγκεῖν·</em></strong></span> <span class='ocrx_word' id='word_1_129' title='bbox 715 2005 778 2084; x_wconf 78' lang='grc' dir='ltr'><strong><em>ἕως</em></strong></span> <span class='ocrx_word' id='word_1_130' title='bbox 804 2001 835 2071; x_wconf 91' lang='grc' dir='ltr'><strong><em>δ’</em></strong></span> <span class='ocrx_word' id='word_1_131' title='bbox 862 2007 904 2073; x_wconf 81' lang='grc' dir='ltr'><strong><em>δν</em></strong></span> <span class='ocrx_word' id='word_1_132' title='bbox 927 2006 965 2072; x_wconf 93' lang='grc' dir='ltr'><strong><em>ἐν</em></strong></span> <span class='ocrx_word' id='word_1_133' title='bbox 987 2015 1027 2092; x_wconf 74' lang='grc' dir='ltr'><strong><em>τῇ</em></strong></span> <span class='ocrx_word' id='word_1_134' title='bbox 1049 2009 1142 2095; x_wconf 79' lang='grc' dir='ltr'><strong><em>χώρᾳ</em></strong></span> <span class='ocrx_word' id='word_1_135' title='bbox 1166 2005 1223 2091; x_wconf 92' lang='grc' dir='ltr'><strong><em>μέ-</em></strong></span> 
     </span>
     <span class='ocr_line' id='line_1_18' title="bbox 201 2110 1223 2200; baseline 0 -20"><span class='ocrx_word' id='word_1_136' title='bbox 201 2136 317 2190; x_wconf 86' lang='grc' dir='ltr'><strong><em>νοντες</em></strong></span> <span class='ocrx_word' id='word_1_137' title='bbox 339 2113 450 2178; x_wconf 82' lang='grc' dir='ltr'><strong><em>αὐτῶν</em></strong></span> <span class='ocrx_word' id='word_1_138' title='bbox 467 2110 608 2178; x_wconf 79' lang='grc' dir='ltr'><strong><em>καὶτῶν</em></strong></span> <span class='ocrx_word' id='word_1_139' title='bbox 628 2111 809 2197; x_wconf 85' lang='grc' dir='ltr'><strong><em>συμμάχων</em></strong></span> <span class='ocrx_word' id='word_1_140' title='bbox 827 2115 908 2200; x_wconf 77' lang='grc' dir='ltr'><strong><em>ἔργα</em></strong></span> <span class='ocrx_word' id='word_1_141' title='bbox 933 2113 1100 2200; x_wconf 89' lang='grc' dir='ltr'><strong><em>πράττωσι</em></strong></span> <span class='ocrx_word' id='word_1_142' title='bbox 1123 2119 1223 2180; x_wconf 85' lang='grc' dir='ltr'><strong><em>πολε-</em></strong></span> 
     </span>
     <span class='ocr_line' id='line_1_19' title="bbox 167 2215 1224 2307; baseline 0.004 -24"><span class='ocrx_word' id='word_1_143' title='bbox 167 2219 300 2304; x_wconf 87' lang='grc' dir='ltr'><strong><em>4μίων,</em></strong></span> <span class='ocrx_word' id='word_1_144' title='bbox 323 2215 433 2304; x_wconf 71' lang='grc' dir='ltr'><strong><em>μηδὲν</em></strong></span> <span class='ocrx_word' id='word_1_145' title='bbox 455 2217 568 2296; x_wconf 82' lang='grc' dir='ltr'><strong><em>αὐτοῖς</em></strong></span> <span class='ocrx_word' id='word_1_146' title='bbox 589 2221 793 2303; x_wconf 79' lang='grc' dir='ltr'><strong><em>ψηφίζεσθαι</em></strong></span> <span class='ocrx_word' id='word_1_147' title='bbox 816 2220 1070 2307; x_wconf 78' lang='grc' dir='ltr'><strong><em>φιλάνθρωπον.</em></strong></span> <span class='ocrx_word' id='word_1_148' title='bbox 1116 2225 1224 2299; x_wconf 83' lang='grc' dir='ltr'><strong><em>πολὺς</em></strong></span> 
     </span>
     <span class='ocr_line' id='line_1_20' title="bbox 204 2322 1223 2414; baseline 0.004 -26"><span class='ocrx_word' id='word_1_149' title='bbox 204 2326 267 2409; x_wconf 79' lang='grc' dir='ltr'><strong><em>γάρ</em></strong></span> <span class='ocrx_word' id='word_1_150' title='bbox 291 2325 332 2408; x_wconf 78' lang='grc' dir='ltr'><strong><em>δὴ</em></strong></span> <span class='ocrx_word' id='word_1_151' title='bbox 351 2323 522 2410; x_wconf 87' lang='grc' dir='ltr'><strong><em>Ῥωμαίοις</em></strong></span> <span class='ocrx_word' id='word_1_152' title='bbox 540 2322 591 2389; x_wconf 80' lang='grc' dir='ltr'><strong><em>ἀεὶ</em></strong></span> <span class='ocrx_word' id='word_1_153' title='bbox 610 2328 709 2408; x_wconf 84' lang='grc' dir='ltr'><strong><em>λόγος</em></strong></span> <span class='ocrx_word' id='word_1_154' title='bbox 730 2334 791 2391; x_wconf 85' lang='grc' dir='ltr'><strong><em>τοῦ</em></strong></span> <span class='ocrx_word' id='word_1_155' title='bbox 814 2322 923 2410; x_wconf 73' lang='grc' dir='ltr'><strong><em>μηδὲν</em></strong></span> <span class='ocrx_word' id='word_1_156' title='bbox 946 2327 1071 2414; x_wconf 87' lang='grc' dir='ltr'><strong><em>δρᾶσαί</em></strong></span> <span class='ocrx_word' id='word_1_157' title='bbox 1090 2324 1164 2392; x_wconf 88' lang='grc' dir='ltr'><strong><em>ποτ’</em></strong></span> <span class='ocrx_word' id='word_1_158' title='bbox 1189 2326 1223 2406; x_wconf 80' lang='grc' dir='ltr'><strong><em>ἐξ</em></strong></span> 
     </span>
     <span class='ocr_line' id='line_1_21' title="bbox 165 2427 1223 2526; baseline 0.005 -33"><span class='ocrx_word' id='word_1_159' title='bbox 165 2453 190 2493; x_wconf 84' lang='grc' dir='ltr'><strong><em>ω</em></strong></span> <span class='ocrx_word' id='word_1_160' title='bbox 205 2429 421 2515; x_wconf 80' lang='grc' dir='ltr'><strong><em>ἐπιτάγματος</em></strong></span> <span class='ocrx_word' id='word_1_161' title='bbox 452 2427 536 2516; x_wconf 71' lang='grc' dir='ltr'><strong><em>μηδὲ</em></strong></span> <span class='ocrx_word' id='word_1_162' title='bbox 566 2432 664 2526; x_wconf 79' lang='grc' dir='ltr'><strong><em>φόβῳ</em></strong></span> <span class='ocrx_word' id='word_1_163' title='bbox 696 2435 864 2516; x_wconf 87' lang='grc' dir='ltr'><strong><em>πολεμίων</em></strong></span> <span class='ocrx_word' id='word_1_164' title='bbox 894 2430 1056 2517; x_wconf 74' lang='grc' dir='ltr'><strong><em>εἴξαντας,</em></strong></span> <span class='ocrx_word' id='word_1_165' title='bbox 1088 2449 1223 2499; x_wconf 88' lang='grc' dir='ltr'><strong><em>σπεισα-</em></strong></span> 
     </span>
     <span class='ocr_line' id='line_1_22' title="bbox 203 2532 1223 2624; baseline 0.005 -23"><span class='ocrx_word' id='word_1_166' title='bbox 203 2534 317 2622; x_wconf 83' lang='grc' dir='ltr'><strong><em>μένοις</em></strong></span> <span class='ocrx_word' id='word_1_167' title='bbox 334 2532 372 2601; x_wconf 75' lang='grc' dir='ltr'><strong><em>δέ</em></strong></span> <span class='ocrx_word' id='word_1_168' title='bbox 390 2547 460 2613; x_wconf 89' lang='grc' dir='ltr'><strong><em>τοῖς</em></strong></span> <span class='ocrx_word' id='word_1_169' title='bbox 478 2538 652 2624; x_wconf 88' lang='grc' dir='ltr'><strong><em>διαφόροις</em></strong></span> <span class='ocrx_word' id='word_1_170' title='bbox 669 2533 725 2602; x_wconf 83' lang='grc' dir='ltr'><strong><em>καὶ</em></strong></span> <span class='ocrx_word' id='word_1_171' title='bbox 738 2547 967 2624; x_wconf 86' lang='grc' dir='ltr'><strong><em>παρασχοῦσιν</em></strong></span> <span class='ocrx_word' id='word_1_172' title='bbox 981 2535 1121 2617; x_wconf 83' lang='grc' dir='ltr'><strong><em>ἑαυτοὺς</em></strong></span> <span class='ocrx_word' id='word_1_173' title='bbox 1138 2539 1223 2624; x_wconf 70' lang='grc' dir='ltr'><strong><em>ὑπη-</em></strong></span> 
     </span>
     <span class='ocr_line' id='line_1_23' title="bbox 203 2641 1223 2730; baseline 0.002 -20"><span class='ocrx_word' id='word_1_174' title='bbox 203 2646 304 2721; x_wconf 90' lang='grc' dir='ltr'><strong><em>κόους</em></strong></span> <span class='ocrx_word' id='word_1_175' title='bbox 329 2646 526 2730; x_wconf 78' lang='grc' dir='ltr'><strong><em>χαρίζεσθαί</em></strong></span> <span class='ocrx_word' id='word_1_176' title='bbox 549 2665 584 2707; x_wconf 91' lang='grc' dir='ltr'><strong><em>τε</em></strong></span> <span class='ocrx_word' id='word_1_177' title='bbox 611 2641 667 2708; x_wconf 82' lang='grc' dir='ltr'><strong><em>καὶ</em></strong></span> <span class='ocrx_word' id='word_1_178' title='bbox 690 2641 876 2729; x_wconf 80' lang='grc' dir='ltr'><strong><em>ἐπιτρέπειν</em></strong></span> <span class='ocrx_word' id='word_1_179' title='bbox 899 2644 978 2711; x_wconf 85' lang='grc' dir='ltr'><strong><em>ὅτου</em></strong></span> <span class='ocrx_word' id='word_1_180' title='bbox 1002 2643 1133 2712; x_wconf 90' lang='grc' dir='ltr'><strong><em>δέοιντο</em></strong></span> <span class='ocrx_word' id='word_1_181' title='bbox 1153 2658 1223 2712; x_wconf 82' lang='grc' dir='ltr'><strong><em>τῶν</em></strong></span> 
     </span>
     <span class='ocr_line' id='line_1_24' title="bbox 204 2747 1223 2837; baseline 0.001 -21"><span class='ocrx_word' id='word_1_182' title='bbox 204 2753 356 2837; x_wconf 87' lang='grc' dir='ltr'><strong><em>μετρίων.</em></strong></span> <span class='ocrx_word' id='word_1_183' title='bbox 396 2747 452 2814; x_wconf 82' lang='grc' dir='ltr'><strong><em>καὶ</em></strong></span> <span class='ocrx_word' id='word_1_184' title='bbox 470 2759 568 2815; x_wconf 78' lang='grc' dir='ltr'><strong><em>τοῦτο</em></strong></span> <span class='ocrx_word' id='word_1_185' title='bbox 586 2751 624 2816; x_wconf 88' lang='grc' dir='ltr'><strong><em>τὸ</em></strong></span> <span class='ocrx_word' id='word_1_186' title='bbox 646 2752 803 2837; x_wconf 88' lang='grc' dir='ltr'><strong><em>φρόνημα</em></strong></span> <span class='ocrx_word' id='word_1_187' title='bbox 826 2749 863 2816; x_wconf 86' lang='grc' dir='ltr'><strong><em>ἐν</em></strong></span> <span class='ocrx_word' id='word_1_188' title='bbox 885 2756 1022 2829; x_wconf 87' lang='grc' dir='ltr'><strong><em>πολλοῖς</em></strong></span> <span class='ocrx_word' id='word_1_189' title='bbox 1043 2750 1100 2817; x_wconf 77' lang='grc' dir='ltr'><strong><em>καὶ</em></strong></span> <span class='ocrx_word' id='word_1_190' title='bbox 1122 2753 1223 2837; x_wconf 84' lang='grc' dir='ltr'><strong><em>μεγά-</em></strong></span> 
     </span>
     <span class='ocr_line' id='line_1_25' title="bbox 204 2855 1222 2941; baseline 0.002 -19"><span class='ocrx_word' id='word_1_191' title='bbox 204 2862 276 2934; x_wconf 87' lang='grc' dir='ltr'><strong><em>λοις</em></strong></span> <span class='ocrx_word' id='word_1_192' title='bbox 302 2855 474 2932; x_wconf 83' lang='grc' dir='ltr'><strong><em>κινδύνοις</em></strong></span> <span class='ocrx_word' id='word_1_193' title='bbox 501 2855 714 2941; x_wconf 79' lang='grc' dir='ltr'><strong><em>φυλάττουσα</em></strong></span> <span class='ocrx_word' id='word_1_194' title='bbox 737 2855 757 2940; x_wconf 76' lang='grc' dir='ltr'><em>ἡ</em></span> <span class='ocrx_word' id='word_1_195' title='bbox 781 2859 876 2934; x_wconf 88' lang='grc' dir='ltr'><strong><em>πόλις</em></strong></span> <span class='ocrx_word' id='word_1_196' title='bbox 898 2857 980 2924; x_wconf 89' lang='grc' dir='ltr'><strong><em>κατά</em></strong></span> <span class='ocrx_word' id='word_1_197' title='bbox 1002 2880 1037 2922; x_wconf 90' lang='grc' dir='ltr'><strong><em>τε</em></strong></span> <span class='ocrx_word' id='word_1_198' title='bbox 1059 2861 1138 2936; x_wconf 82' lang='grc' dir='ltr'><strong><em>τοὺς</em></strong></span> <span class='ocrx_word' id='word_1_199' title='bbox 1161 2859 1222 2924; x_wconf 76' lang='grc' dir='ltr'><strong><em>ὀδ-</em></strong></span> 
     </span>
     <span class='ocr_line' id='line_1_26' title="bbox 163 2960 1309 3051; baseline 0 -27"><span class='ocrx_word' id='word_1_200' title='bbox 163 2983 190 3024; x_wconf 81' lang='grc' dir='ltr'><strong><em>τε</em></strong></span> <span class='ocrx_word' id='word_1_201' title='bbox 203 2968 315 3041; x_wconf 90' lang='grc' dir='ltr'><strong><em>νείους</em></strong></span> <span class='ocrx_word' id='word_1_202' title='bbox 343 2960 400 3028; x_wconf 80' lang='grc' dir='ltr'><strong><em>καὶ</em></strong></span> <span class='ocrx_word' id='word_1_203' title='bbox 427 2964 505 3040; x_wconf 84' lang='grc' dir='ltr'><strong><em>τοὺς</em></strong></span> <span class='ocrx_word' id='word_1_204' title='bbox 532 2961 715 3047; x_wconf 89' lang='grc' dir='ltr'><strong><em>ἐμφυλίους</em></strong></span> <span class='ocrx_word' id='word_1_205' title='bbox 740 2960 906 3046; x_wconf 89' lang='grc' dir='ltr'><strong><em>πολέμους</em></strong></span> <span class='ocrx_word' id='word_1_206' title='bbox 933 2961 1029 3051; x_wconf 87' lang='grc' dir='ltr'><strong><em>μέχρι</em></strong></span> <span class='ocrx_word' id='word_1_207' title='bbox 1056 2975 1117 3031; x_wconf 87' lang='grc' dir='ltr'><strong><em>τοῦ</em></strong></span> <span class='ocrx_word' id='word_1_208' title='bbox 1139 2961 1219 3030; x_wconf 76' lang='grc' dir='ltr'><strong><em>καθ’</em></strong></span> <span class='ocrx_word' id='word_1_209' title='bbox 1308 3001 1309 3024; x_wconf 62' lang='lat'>1</span> 
     </span>
     <span class='ocr_line' id='line_1_27' title="bbox 204 3066 670 3155; baseline -0.004 -19"><span class='ocrx_word' id='word_1_210' title='bbox 204 3069 289 3153; x_wconf 82' lang='grc' dir='ltr'><strong><em>ἡμᾶς</em></strong></span> <span class='ocrx_word' id='word_1_211' title='bbox 311 3071 435 3155; x_wconf 89' lang='grc' dir='ltr'><strong><em>χρόνον</em></strong></span> <span class='ocrx_word' id='word_1_212' title='bbox 459 3066 670 3134; x_wconf 82' lang='grc' dir='ltr'><strong><em>διατετέλεκε.</em></strong></span> 
     </span>
     <span class='ocr_line' id='line_1_28' title="bbox 192 3225 1220 3299; baseline 0.002 -21"><span class='ocrx_word' id='word_1_213' title='bbox 192 3261 195 3266; x_wconf 66' lang='lat'><strong><em>‹</em></strong></span> <span class='ocrx_word' id='word_1_214' title='bbox 277 3226 445 3297; x_wconf 84' lang='grc' dir='ltr'><strong><em>Ιάλβίητας</em></strong></span> <span class='ocrx_word' id='word_1_215' title='bbox 463 3226 515 3279; x_wconf 87' lang='grc' dir='ltr'><strong><em>ΑΒ</em></strong></span> <span class='ocrx_word' id='word_1_216' title='bbox 533 3225 709 3299; x_wconf 88' lang='grc' dir='ltr'><strong><em>Λαβινιάτας</em></strong></span> <span class='ocrx_word' id='word_1_217' title='bbox 727 3242 750 3280; x_wconf 86' lang='grc' dir='ltr'><strong><em>ο.</em></strong></span> <span class='ocrx_word' id='word_1_218' title='bbox 771 3225 893 3296; x_wconf 80' lang='lat' dir='ltr'>Sylburg</span> <span class='ocrx_word' id='word_1_219' title='bbox 926 3227 931 3295; x_wconf 84' lang='grc' dir='ltr'>Ι</span> <span class='ocrx_word' id='word_1_220' title='bbox 966 3228 1177 3296; x_wconf 84' lang='grc' dir='ltr'><strong><em>μοσεγιλαίνοος</em></strong></span> <span class='ocrx_word' id='word_1_221' title='bbox 1193 3227 1220 3280; x_wconf 80' lang='grc' dir='ltr'><strong>Α</strong></span> 
     </span>
     <span class='ocr_line' id='line_1_29' title="bbox 205 3295 1218 3439; baseline 0.002 -17"><span class='ocrx_word' id='word_1_222' title='bbox 205 3295 471 3429; x_wconf 55' lang='grc' dir='ltr'><strong><em>ῖλλῖλῗίλιῗοτ</em></strong></span> <span class='ocrx_word' id='word_1_223' title='bbox 524 3298 746 3438; x_wconf 47' lang='grc' dir='ltr'><strong><em>ἐβῖδῗῖβ</em></strong></span> <span class='ocrx_word' id='word_1_224' title='bbox 761 3296 998 3423; x_wconf 47' lang='grc' dir='ltr'><strong><em>ἕάέῖίλῖῖλῖ</em></strong></span> <span class='ocrx_word' id='word_1_225' title='bbox 1015 3297 1218 3439; x_wconf 47' lang='grc' dir='ltr'><strong><em>ἓεῗξδὲδῖ</em></strong></span> 
     </span>
    </p>
   </div>
   <div class='ocr_carea' id='block_1_3' title="bbox 205 3432 1309 3584">
    <p class='ocr_par' dir='ltr' id='par_1_3' title="bbox 205 3432 1309 3686">
     <span class='ocr_line' id='line_1_30' title="bbox 205 3432 1309 3510; baseline 0.002 -19"><span class='ocrx_word' id='word_1_226' title='bbox 205 3437 254 3492; x_wconf 80' lang='grc' dir='ltr'><strong><em>καί</em></strong></span> <span class='ocrx_word' id='word_1_227' title='bbox 273 3439 339 3491; x_wconf 75' lang='grc' dir='ltr'><strong><em>τοῖο</em></strong></span> <span class='ocrx_word' id='word_1_228' title='bbox 357 3437 581 3508; x_wconf 83' lang='grc' dir='ltr'><strong><em>καταλυσάμενοι</em></strong></span> <span class='ocrx_word' id='word_1_229' title='bbox 600 3439 664 3495; x_wconf 79' lang='grc' dir='ltr'><strong><em>αδδ.</em></strong></span> <span class='ocrx_word' id='word_1_230' title='bbox 684 3439 786 3494; x_wconf 75' lang='lat' dir='ltr'><strong>Portus</strong></span> <span class='ocrx_word' id='word_1_231' title='bbox 840 3445 876 3494; x_wconf 77' lang='lat'><strong><em>20</em></strong></span> <span class='ocrx_word' id='word_1_232' title='bbox 890 3437 1132 3510; x_wconf 77' lang='grc' dir='ltr'><strong><em>σιτεισαμένουςΔ</em></strong></span> <span class='ocrx_word' id='word_1_233' title='bbox 1184 3445 1217 3494; x_wconf 73' lang='grc' dir='ltr'><strong><em>λ3</em></strong></span> <span class='ocrx_word' id='word_1_234' title='bbox 1308 3432 1309 3440; x_wconf 47' lang='grc'><strong>“</strong></span> 
     </span>
     <span class='ocr_line' id='line_1_31' title="bbox 205 3505 1218 3584; baseline -0.002 -20"><span class='ocrx_word' id='word_1_235' title='bbox 205 3505 237 3564; x_wconf 82' lang='grc' dir='ltr'><strong><em>ἐν</em></strong></span> <span class='ocrx_word' id='word_1_236' title='bbox 250 3514 309 3570; x_wconf 87' lang='grc' dir='ltr'><strong><em>τοῖς</em></strong></span> <span class='ocrx_word' id='word_1_237' title='bbox 321 3507 466 3570; x_wconf 86' lang='grc' dir='ltr'><strong><em>πολλοῑςΟ</em></strong></span> <span class='ocrx_word' id='word_1_238' title='bbox 480 3509 624 3576; x_wconf 73' lang='grc' dir='ltr'><strong><em>μεωελεεΒ</em></strong></span> <span class='ocrx_word' id='word_1_239' title='bbox 680 3517 714 3564; x_wconf 78' lang='grc'><strong><em>26</em></strong></span> <span class='ocrx_word' id='word_1_240' title='bbox 730 3508 963 3584; x_wconf 83' lang='grc' dir='ltr'><strong><em>διατετέλεκε&lt;ν&gt;</em></strong></span> <span class='ocrx_word' id='word_1_241' title='bbox 973 3513 1005 3566; x_wconf 76' lang='lat' dir='ltr'><strong><em>ut</em></strong></span> <span class='ocrx_word' id='word_1_242' title='bbox 1019 3509 1218 3582; x_wconf 78' lang='lat' dir='ltr'><strong>saepissimeB</strong></span> 
     </span>
    </p>
   </div>
   <div class='ocr_carea' id='block_1_4' title="bbox 0 0 1334 3976">
    <p class='ocr_par' dir='ltr' id='par_1_4' title="bbox 0 0 1334 3976">
     <span class='ocr_line' id='line_1_32' title="bbox 0 0 1334 3976; baseline 0 0"><span class='ocrx_word' id='word_1_243' title='bbox 0 0 1334 3976; x_wconf 95' lang='lat' dir='ltr'><strong><em> </em></strong></span> 
     </span>
    </p>
   </div>
  </div>
 </body>
</html>
