2586 3972
158 133 226 198 290
583 133 777 184 -Θ-’

94 361 97 365 .
159 299 242 379 πρὸς
274 299 311 361 τὸ
344 295 539 360 ἀντίπαλον·
572 290 628 358 καὶ
658 289 760 359 οὐδὲν
790 297 838 358 ἔτι
868 302 927 377 τῆς
955 295 1044 371 ίδίας
1071 305 1185 381 ψυχῆς

160 404 405 487 προνοούμενοι
429 405 493 467 σὺν
510 401 641 484 ·όλίγοις
664 403 712 476 είς
734 397 857 484 μέσους
879 399 1079 494 ἐμπεσόντες
1100 406 1185 479 τοὺς

160 510 302 594 μάλιστα
329 511 569 592 συνεστηκότας
591 519 659 572 τῶν
682 510 868 591 πολεμίων,
896 511 1027 592 σωροὺς
1050 508 1185 593 ἐξεπλή-

59 617 61 622 ’
94 598 97 606 ’
124 615 246 702 ὅρονν
272 627 411 701 νεκρῶν.
456 616 538 680 κατά
560 610 621 697 μὲν
645 614 687 697 δη
710 621 808 679 τοῦτο
831 606 869 680 τδ
892 611 992 700 μέρος
1015 615 1184 700 ἔκαμενῂ

133 726 348 807 οΊθρρηνῶν
379 720 525 806 φάλαγξ,
556 718 612 785 καὶ
644 721 679 785 οί
707 722 871 807 πρότερον
904 721 1070 806 ὠσάμενοι
1104 726 1185 800 τοὺς

160 833 339 913 πολεμίους
365 829 430 893 ὑπὸ
453 839 521 892 τῶν
544 825 797 912 κεκρατημένων
820 826 1039 912 ἀνεκόπησαν.
1087 830 1124 894 οί
1144 826 1184 910 δὲ

160 936 198 999 τὸ
227 934 404 1017 εὐώνυμον
426 936 557 1019 ἔχοντες
580 931 676 1019 κέρας
698 934 881 1017 κάμνοντες
904 935 969 1017 ἥδη
991 935 1049 1000 καὶ
1071 946 1184 1020 φυγῆς

161 1041 333 1127 ἄρχοντες,
363 1043 461 1122 [ἔνθα
485 1041 503 1107 δ
526 1041 679 1115 Μάλλιος
701 1035 757 1123 ἦν]
787 1039 967 1127 ἐτρέψαντο
995 1044 1083 1118 τοὺς.
1097 1039 1257 1110 καθἰισε

163 1145 308 1226 έαντούς.
363 1153 474 1236 παλτῷ
512 1147 575 1232 γάρ
611 1170 661 1223 τις
697 1147 809 1231 βαλὼν
841 1148 901 1212 τὸν
933 1147 1092 1214 Μάλλιον
1126 1151 1186 1214 διὰ

124 1275 149 1314 ιο
162 1261 223 1321 τοῦ
255 1258 395 1338 γόνατος
426 1255 502 1339 άγρι
534 1263 590 1336 τῆς
624 1254 740 1335 ἰγνύας
769 1255 915 1338 διήρεισε
947 1256 1009 1338 την
1043 1235 1184 1341 λόγχην·

162 1358 216 1426 καὶ
248 1363 308 1426 τὸν
340 1357 401 1445 μὲν
434 1362 470 1426 οί
499 1359 592 1442 πέριξ
625 1361 763 1445 ἄραντες
793 1357 846 1424 ἐπὶ
876 1360 937 1442 τὴν
967 1364 1186 1446 παρεμβολὴν

163 1467 377 1551 ἀπεκόμιζον,
414 1469 451 1532 οί
482 1462 520 1532 δὲ
551 1465 703 1550 πολέμιοι
734 1468 793 1532 τδν
825 1465 973 1550 ἡγεμόνα
1005 1478 1073 1532 τῶν
1105 1453 1185 1533 Ῥαι-

163 1575 270 1658 μαίων
293 1573 491 1656 τεθνηκέναι
515 1572 671 1650 δόξαντες
694 1571 972 1659 ἐπερρώσθησαν,
999 1572 1055 1638 καὶ
1077 1595 1186 1659 παρα-

164 1679 407 1764 βοηθησάντων
437 1679 549 1756 αὐτοίς
575 1671 647 1744 Ιτῶν
674 1674 796 1765 ἑτέρων
824 1677 986 1744 ἐνέκειντο
1015 1690 1085 1755 τοῖς
1106 1678 1186 1745 Ῥω-

126 1767 275 1882 ξμαίοις
297 1785 359 1851 οὐκ
381 1789 516 1870 ἔχουσιν
539 1784 694 1869 ἡγεμόνα.
735 1784 997 1868 ἠναγκάσθησαν
1021 1780 1059 1850 δὲ
1081 1786 1186 1851 πάλιν

166 1894 201 1958 οί
223 1892 346 1976 Φάβιοι
373 1895 607 1968 καταλιπόντες
636 1894 674 1957 τὸ
697 1891 873 1975 εὐώνυμον
896 1889 993 1976 κέρας
1016 1900 1061 1978 τῷ
1085 1892 1186 1981 δεξιῷ

166 2003 319 2084 βοηθεῖν·
356 1997 411 2064 καὶ
438 1999 474 2064 οί
503 1996 672 2084 Τυρρηνοὶ
699 2000 898 2084 προσιόντας
925 1998 1047 2077 αὐτοὺς
1075 2003 1187 2084 στίφει

165 2115 312 2193 καρτερῷ
336 2108 503 2189 μαθόντες
525 2114 582 2189 τῆς
605 2101 667 2188 μὲν
691 2101 744 2170 ἐπὶ
763 2103 865 2170 πλέον
885 2104 1029 2182 διώξεως
1047 2104 1187 2188 ἀποτρέ-

89 2215 92 2220 “
166 2233 297 2295 πονταο,
315 2213 548 2287 πυκνώσαντες
566 2207 603 2276 δὲ
622 2214 700 2288 τοὺς
719 2214 840 2297 λόγους
858 2209 1018 2296 ἐμάχοντο
1033 2209 1070 2277 έν
1083 2212 1188 2296 τάξει,
1291 2205 1292 2216 ’

127 2337 153 2376 ιο
166 2315 222 2381 κοιλ
245 2321 388 2395 πολλοὺς
403 2311 471 2401 Ιμὲν
494 2329 561 2384 τῶν
585 2315 754 2403 σφετέρων
776 2316 955 2401 ἀπέβαλον,
978 2321 1126 2397 πολλοὺς
1149 2316 1189 2384 δὲ

167 2424 222 2489 καὶ
245 2434 312 2488 τῶν
329 2422 497 2508 Ῥωμαίων
520 2415 724 2491 ἀπέκτειναν.

234 2529 308 2594 XII.
341 2528 397 2597 Ἐν
425 2523 455 2618 ᾧ
480 2527 517 2596 δὲ
545 2527 635 2596 ταῦτ’
663 2530 806 2614 ἐγίνετο,
834 2532 870 2596 οί
894 2533 953 2596 τὸν
977 2531 1104 2617 χάρακα
1128 2536 1189 2600 τὸν

168 2635 386 2720 ἐκλειφθέντα
403 2637 469 2703 ὑπὸ
487 2648 548 2702 τοῦ
562 2640 719 2702 Μαλλίου
733 2639 998 2720 Ικαταλαβόμενοι
1017 2639 1189 2724 Ίλιρρηνολ

169 2745 383 2826 συνθήματος
412 2741 575 2828 άρθέντος
601 2742 665 2836 άπὸ
693 2753 753 2809 τοῦ
780 2727 980 2827 στρατηγίου
1008 2746 1073 2808 σὺν
1096 2744 1190 2830 τάχει

130 2870 156 2910 ιο
169 2855 281 2938 πολλῷ
305 2847 360 2914 καί
382 2852 556 2936 προθυμίᾳ
574 2850 699 2934 μεγάλη
717 2858 904 2935 χωροῦντες
922 2846 976 2913 ἐπὶ
994 2851 1054 2914 τὸν
1073 2849 1190 2935 ἕτερον
1289 2883 1290 2886 “

169 2957 346 3039 ἠπείγοντο
368 2965 436 3020 τῶν
449 2952 619 3039 Ῥωμαίων
642 2955 781 3041 χάρακα,
803 2955 849 3030 ὡς
867 2953 928 3020 οὐκ
947 2953 1108 3044 ἀξιοχρέῳ
1129 2959 1257 3024 δυ-Ποε
1289 2947 1290 2991 ¹

241 3111 445 3182 λέκαμνενΒ
517 3111 729 3181 όπρότεροιΒ
778 3110 955 3166 ·8*verba
975 3108 1050 3166 ἔνθα
1069 3112 1085 3167 ό
1105 3114 1190 3168 Μάλ-
1227 3167 1231 3176 ,
1288 3175 1289 3180 ¹

169 3189 227 3246 λιος
245 3179 281 3253 ἦν
304 3183 516 3252 transponenda
538 3199 599 3237 εεεε
622 3186 688 3251 post
707 3179 791 3254 κόρας
809 3199 832 3236 ο.
852 3181 1009 3250 Kiessling,
1033 3199 1087 3253 ego
1106 3185 1190 3240 uncis
1288 3209 1289 3226 ι

169 3255 271 3310 inclusi
348 3257 474 3326 9πολλῷ
493 3252 539 3306 Ba
557 3256 651 3326 παλτῷ
669 3254 699 3312 ΒΔ
768 3259 800 3306 11
825 3255 956 3323 αἴροντες
974 3254 1021 3306 Ba
1096 3261 1130 3310 15
1152 3256 1190 3325 δὴ

170 3343 192 3380 ο.
208 3326 339 3381 Gelenius
405 3332 437 3379 16
456 3322 579 3394 κέραςΑ
597 3323 721 3394 μέροςΒ
784 3329 819 3379 20
838 3323 890 3394 μὲν
909 3324 1012 3380 add.B
1076 3332 1111 3381 24
1130 3328 1190 3383 ἀπὸ

170 3396 192 3449 Β
216 3396 271 3451 ὑπὸ
290 3397 315 3449 R
336 3398 339 3466 λ
361 3403 515 3467 στρατηγοῦ
534 3395 557 3450 0
577 3397 744 3467 στρατηγίου
763 3395 865 3451 Reiske
938 3399 973 3450 ‘36
997 3392 1145 3466 έπεθγοντο
1164 3399 1192 3453 Α
