2674 3978
540 247 702 296 -z-
1091 245 1132 308 13

1300 346 1303 404 1

110 410 273 495 κρατικήν
304 408 582 491 καταστήσωνται
601 409 782 474 πολιτείαν.
831 405 982 492 ἀσμένως
1009 405 1046 474 δὲ
1073 409 1168 475 τοῦ2

112 517 296 600 δημοτικοῦ
319 512 375 580 καὶ
397 523 548 600 πονηροῦ
568 517 721 599 πλήθους
739 515 801 598 τήν
820 513 972 599 ἁρπαγήν
990 525 1058 581 τῶν
1076 515 1134 582 άλ-

111 626 256 710 λοτρίων
282 620 463 706 δεξαμένου
486 621 600 705 λαβὼν
622 621 683 704 τήν
706 620 933 708 αὐτοκράτορα
951 620 1057 707 ἀρχὴν
1076 623 1135 688 αύ-

111 732 169 807 τὸς
200 727 277 820 παρ’
311 727 431 796 ἑαυτοῦ
463 727 577 814 ἕτερον
610 725 760 814 ἐπιφέρει
791 730 976 813 βούλευμα,
1012 726 1055 793 δι’
1094 724 1135 794 οὗ

111 835 431 922 παρακρουσάμενος
457 834 579 911 αὐτοὺς
607 833 763 899 ἁπάντων
785 832 938 918 ἀφείλετο
961 835 1022 918 τήν
1045 833 1136 900 ἐλευ-
1163 858 1176 900 ε

46 945 245 1028 εῖεεθερίαν.
283 942 494 1026 σκηψάμενος
516 941 579 1033 γάρ
603 940 802 1007 ὑποπτεύειν
825 943 968 1028 ταραχάς
984 939 1040 1007 καὶ
1058 940 1136 1007 ἐπα-

113 1048 290 1124 ναστάσεις
318 1047 354 1113 ἐκ
381 1058 448 1113 τῶν
474 1048 647 1113 πλουσίων
675 1049 722 1124 είς
748 1049 827 1124 τοὺς
854 1048 1053 1134 δημοτικοὺς
1081 1049 1136 1114 διδ

114 1157 176 1221 τὸν
198 1153 395 1237 ἀναδασμὸν
417 1161 475 1237 τῆς
497 1162 558 1238 γής
579 1151 635 1218 καί
657 1154 720 1232 τάς·
736 1163 804 1219 τῶν
828 1155 971 1221 δανείων
994 1154 1137 1240 ἀφέσεις,

114 1264 173 1328 ’ίνα
192 1262 237 1346 μή
256 1258 387 1344 γίνοιτο
406 1264 549 1345 πόλεμος
568 1259 728 1345 ἐμφύλιος
746 1257 830 1345 μηδὲ
848 1264 949 1345 φόνοι
962 1265 1137 1345 πολιτικοί,

116 1372 198 1453 μίαν
221 1367 388 1454 εὑρίσκειν
412 1368 473 1450 ἔφη
498 1364 579 1453 πρίν
601 1368 649 1443 είς
667 1367 707 1430 τά
726 1367 820 1431 δεινά
840 1363 953 1432 ἐλθεῖν
972 1371 1138 1453 φυλακήν,
1152 1391 1179 1431 ιο

117 1478 149 1540 εί
171 1475 211 1540 τά
235 1473 320 1539 όπλα
343 1457 602 1558 προενέγκαντες
626 1471 661 1537 ἐκ
683 1484 751 1539 τῶν
775 1475 890 1539 οίκιο1ν
909 1474 1051 1550 άπαντες
1069 1486 1139 1552 τοῖς

117 1588 213 1658 θεοῖς
243 1581 501 1664 καθιερώσειαν,
532 1581 589 1644 ἵνα
618 1580 700 1644 κατὰ
727 1589 795 1644 τῶν
822 1578 948 1672 ἔξωθεν
976 1578 1139 1646 ἐπιόντων

117 1690 287 1772 πολεμίων
317 1689 425 1773 ἔχοιεν
455 1685 585 1770 αὐτοῖς,
614 1685 695 1751 ὅταν
724 1684 851 1769 ἀνάγκη
882 1710 932 1763 τις
959 1685 1139 1772 καταλάβῃ,

119 1800 266 1881 χρῆσθαι
295 1791 350 1858 καί
377 1793 422 1877 μή
450 1789 528 1858 καθ’
556 1790 698 1876 ἑαυτῶν,
730 1798 863 1858 κεῖσθαι
891 1789 922 1857 δ’
949 1793 1032 1859 αύτδι
1059 1793 1140 1872 τέως

119 1902 210 1987 παρὰ
232 1911 304 1976 τοῖς
321 1905 416 1976 θεοῖς
434 1897 471 1964 ἐν
490 1905 589 1988 καλῷ.
611 1899 671 1986 ἱὡς
690 1895 727 1964 δέ
745 1896 801 1964 καὶ
818 1896 907 1965 τοῦτ’
925 1898 1140 1984 ἐπείσθησαν,
1155 1865 1181 1979 {⁹²5

120 2007 317 2092 αὐθημερὸν
350 2004 506 2072 ἀπάντων
537 2008 762 2092 παρελόμενος
791 2009 955 2090 Κυμαίων
986 2008 1026 2072 τά
1056 2008 1141 2072 ὅπλα

120 2125 192 2191 ταῖς
215 2111 289 2198 ἑξῆς
310 2111 446 2198 ἡμέραις
470 2115 610 2199 ἔρευναν
633 2111 776 2178 ἐποιεῖτο
799 2123 866 2178 τῶν
885 2115 1010 2198 οίκιῶν,
1034 2113 1071 2179 ἐν
1090 2105 1142 2190 αἶς

120 2223 266 2297 πολλοὺς
288 2217 343 2285 καὶ
366 2218 518 2302 ἀγαθούς
539 2217 734 2296 ἀποκτείνας
753 2229 819 2284 τῶν
838 2224 994 2304 πολιτῶν,
1018 2220 1062 2296 ὡς
1080 2218 1142 2306 οὐχ

121 2329 252 2392 ἅπαντα
275 2337 344 2403 τοῖς
366 2333 461 2402 θεοῖς
484 2324 722 2404 ἀποδείξαντας
744 2326 785 2390 τὰ
809 2325 909 2409 ὅπλα,
937 2327 1017 2410 μετά
1039 2337 1143 2392 ταῦτα

121 2439 288 2519 φυλακαῖς
309 2430 397 2519 τρισὶ
420 2433 615 2519 κρατύνεται
638 2434 698 2516 τήν
721 2433 917 2518 τυραννίδα·
940 2427 997 2500 ,ὧν
1018 2428 1061 2518 ήν
1084 2439 1143 2518 μία
1157 2453 1185 2495 εο

122 2535 183 2623 μὲν
208 2537 334 2605 ἐκτῶν
357 2539 604 2625 ῥυπαρωτάτων
629 2542 676 2620 [τε
699 2536 755 2604 καὶ
777 2540 1026 2626 πονηροτάτων]
1049 2545 1144 2606 πολι-

64 2641 203 2729 ιεεότῶν,
226 2642 302 2730 μεθ’
326 2640 374 2712 ὧν
398 2644 556 2712 κατέλυσε
579 2648 641 2731 τήν
664 2645 940 2733 ἀριστοκρατικήν
963 2651 1143 2729 πολιτείαν,

124 2749 219 2837 ἑτέρα
243 2745 273 2817 δ’
293 2752 329 2817 ἐκ
346 2763 414 2819 τῶν
433 2751 666 2820 ἀνοσιωτάτων
686 2754 829 2838 δούλων,
853 2753 913 2830 οὓς
931 2754 1030 2830 αὐτὸς
1047 2754 1145 2836 ήλευ-

125 2855 278 2947 θέρωσεν
299 2857 557 2936 ἀποκτείναντας
574 2862 653 2937 τοὺς
671 2859 782 2926 αὐτῶν
800 2861 972 2941 δεσπότας,
994 2861 1086 2943 τρίτη
1129 2854 1145 2922 ἐ

125 2968 336 3051 μισθοφόρος
359 2965 395 3031 ἐκ
418 2977 485 3031 τῶν
509 2965 722 3052 ἀγριωτάτων
741 2965 932 3053 βαρβάρων·
956 2960 1050 3030 οὗτοι
1073 2942 1144 3030 δισ-
1159 2982 1185 3024 τε

113 3072 244 3157 ’χιλίων
268 3072 329 3137 οὐκ
352 3071 508 3150 ἐλάττους
532 3067 618 3156 ήσαν
641 3071 697 3138 καί
720 3074 759 3138 τά
781 3072 922 3156 πολέμια
945 3080 1058 3161 μακρῷ
1077 3082 1145 3138 τῶν

198 3234 213 3280 1
234 3227 458 3295 καταστήσονται
475 3229 550 3286 BbO
606 3235 637 3284 11
659 3228 950 3299 *προενεγκόντεςΟ
976 3231 981 3298 Ι
1006 3226 1146 3302 οίκ<ι>ῶν

131 3304 162 3353 13
184 3298 315 3370 πολέμων
339 3305 362 3354 Α
424 3305 457 3353 14
480 3303 627 3355 κείσεσθαι
649 3318 673 3355 c.
693 3299 783 3354 Cobet
802 3300 867 3355 Obs.
886 3317 915 3369 p.
934 3306 985 3356 136
1040 3304 1074 3353 16
1097 3301 1147 3354 καί

129 3377 188 3433 ταῖς
201 3373 228 3424 Α
245 3377 307 3434 ταῖς
325 3369 375 3426 ΒΟ
427 3375 460 3425 19
480 3370 593 3426 ἅπαντα
611 3371 634 3424 Β
654 3370 782 3434 ἅπαντας
799 3371 825 3424 R
875 3377 909 3426 20
928 3365 976 3443 ἦν]
997 3371 1015 3440 ἡ
1035 3370 1057 3425 Ο
1077 3387 1145 3428 corr.

130 3440 231 3497 Reiske
287 3448 320 3496 21
340 3441 356 3473 ²⁸
370 3460 400 3496 τε
418 3441 466 3496 καὶ
485 3441 684 3513 πονηροτάτων
700 3441 722 3496 Ο
738 3443 788 3496 sed
801 3442 848 3496 Bb
864 3442 929 3497 add.
943 3442 974 3496 in
987 3459 1052 3510 mge
1066 3441 1147 3496 uncis

131 3510 232 3568 inclusi
300 3516 336 3568 24
354 3510 572 3576 ἀποκτείναντες
590 3512 615 3567 Α
635 3517 640 3582 Ι
662 3515 755 3568 αὐτῶν
774 3513 826 3608 Al}
