2656 3974
564 219 732 273 -Θ-
1090 218 1156 283 369

139 383 278 470 ίσχυρδις
307 385 452 468 λαβόντα
482 381 518 448 έκ
548 382 688 468 βάθρων
718 380 884 469 ἀνέτρεψε.
935 381 1032 448 ταῦθ’
1064 383 1191 469 ύμῖν,7

138 483 165 553 ὦ
193 491 317 574 βουλή,
345 486 410 579 ρλβ’
437 488 520 573 ἡδέα
547 487 638 555 ἐστίν
666 488 800 555 ἀκούειν
826 485 885 556 εἴτ’
913 488 1049 576 ἀνιαρά,
1076 492 1157 575 μετὰ

138 595 246 680 πάσης
274 595 433 680 ἀληθείας
455 594 511 662 καὶ
533 598 719 682 παρρησίας
742 602 883 683 είρηται,
910 607 981 674 τοῖς
1003 592 1065 680 μέν
1087 618 1158 662 πει-

138 699 364 787 σθησομένοις
381 702 488 788 ὑμῶν,
507 700 566 767 έδιν
584 703 648 789 ἀρα
667 709 838 787 πεισθῆτε,
857 705 895 768 έν
907 725 943 768 τε
956 711 1002 790 τῷ
1016 705 1158 789 παρόντι

137 811 283 895 χρήσιμα
305 807 362 874 καὶ
384 811 431 886 είς
453 811 491 875 τὸ
515 805 638 893 μέλλον
661 809 808 896 ἀσφαλῆ·
842 807 915 894 ἐμοὶ
940 805 986 894 δ’,
1014 809 1051 886 ὃς
1072 804 1155 893 ὑπὲρ
1182 827 1196 870 ε

137 926 199 982 τοῦ
231 924 327 1002 κοινῇ
361 913 590 1002 συμφέροντος
621 917 708 994 ίδίας
737 915 916 1003 ἀπεχθείας
945 916 1158 1003 ἀναιροῦμαι,

138 1027 273 1112 πολλῶν
296 1020 437 1108 ἐσόμενα
459 1023 630 1089 κινδύνων
654 1030 750 1089 αῖτια.
787 1031 938 1111 προορᾶν
961 1025 1025 1109 γὰρ
1045 1023 1158 1100 ίκανός

138 1130 207 1214 είμι
234 1130 275 1194 τά
303 1124 540 1215 συμβησόμενα
563 1129 600 1194 έκ
622 1135 802 1214 λογισμοῦ,
829 1128 884 1196 καὶ
907 1132 1157 1215 παραδείγματα

138 1246 298 1321 ποιοῦμαι
321 1234 498 1321 τάλλότρια
520 1236 612 1321 πάθη
636 1246 704 1302 τῶν
726 1235 880 1320 έμαυτοῦ.

205 1339 313 1406 LIIII.
349 1336 447 1406 Ταῦτ’
470 1341 621 1418 εἰπόντος
637 1336 776 1406 Ἀππίου
799 1338 854 1405 καὶ
872 1350 939 1406 τῶν
957 1341 1069 1407 ἀλλων
1088 1341 1157 1407 ὀλί-
1171 1360 1200 1400 10

139 1471 202 1531 γου
226 1448 299 1513 δεῖν
320 1446 455 1513 πάντων
478 1448 539 1530 τὴν
562 1447 668 1531 αὐτὴν
690 1447 827 1532 γνώμην
849 1445 1117 1533 ἀποφηναμένων
1135 1447 1156 1531 η

140 1551 201 1640 μὲν
223 1555 330 1640 βουλὴ
354 1555 511 1621 διελύετο.
545 1554 581 1621 οί
601 1550 639 1619 δέ
663 1555 825 1639 δήμαρχοι
845 1549 889 1619 δι’
908 1555 1009 1642 ὀργῆς
1027 1557 1158 1641 ἔχοντες

139 1660 200 1745 την
219 1660 402 1748 ἀποτυχίαν
421 1657 571 1748 ἀπῄεσαν
589 1658 645 1726 καὶ
663 1663 743 1747 μετδι
761 1659 851 1728 τοῦτ’
871 1660 1046 1748 ἐσκόπουν,
1069 1662 1158 1740 ὅπως

69 1769 385 1854 1893τιμωρησονται
419 1769 478 1833 τὸν
508 1768 631 1854 ἀνδρα·
673 1765 787 1846 έδοξεν
818 1762 881 1834 οὖν
909 1768 1023 1847 αὐτοῖς
1051 1770 1158 1836 πολλὰ

141 1871 423 1959 βουλευσαμένοις
451 1875 527 1961 δίκη
554 1875 614 1939 τὸν
634 1871 777 1940 ’Ἁππιον
800 1875 985 1959 ὑπαγαγεῖν
1007 1875 1158 1941 θάνατον
1172 1891 1199 1932 1⁵

140 1980 262 2068 έχούση
289 1983 327 2046 τὸ
355 1984 487 2065 τίμημα.
537 1975 593 2046 καλ
620 1981 702 2065 μετά
729 1975 819 2046 ταῦτ’
850 1980 886 2047 έν
915 1979 1071 2070 έκκλησίμ
1096 1991 1157 2048 τοῦ

140 2086 264 2174 ἀνδρὸς
287 2089 571 2173 κατηγορήσαντες
592 2087 802 2174 παρεκάλουν
824 2087 919 2170 ἥκειν
941 2089 1088 2166 ἀπαντας
1110 2090 1158 2166 είς

140 2195 202 2278 τὴν
226 2192 556 2280 ἀποδειχθησομένην
578 2192 705 2280 ἡμέραν
727 2194 773 2270 ὡς
792 2195 980 2270 διοίσοντας
997 2190 1080 2281 ὑπὲρ
1100 2194 1160 2260 αύ-

140 2310 201 2367 τοῦ
226 2308 348 2385 ψῆφον.
395 2296 477 2365 ἃδέ
499 2311 696 2385 κατηγορεῖν
719 2301 873 2384 έμελλον,
901 2297 990 2366 ταῦτ’
1017 2295 1073 2384 ἦν·
1107 2301 1194 2367 ὅτι2

140 2407 290 2494 πονηρὰς
318 2405 422 2472 έτίῦει
449 2407 532 2472 κατὰ
558 2416 619 2472 τοῦ
647 2409 755 2492 δημου
783 2407 931 2492 γνώμας,
958 2405 1015 2472 καὶ
1042 2408 1159 2474 στάσιν
1173 2425 1201 2466 2⁰

141 2516 273 2598 είσῖγγεν
302 2513 348 2590 είς
375 2514 437 2597 τὴν
464 2516 580 2596 πόλιν,
606 2511 662 2578 καὶ
684 2512 843 2602 δημάρχφ
866 2525 977 2600 χεῖρας
1000 2512 1159 2598 έπηνεγκε

142 2620 232 2704 παρὰ
250 2621 329 2696 τοὺς
348 2619 459 2706 ίεροὺς
476 2622 615 2704 νόμους,
633 2616 689 2684 καὶ
707 2628 861 2705 στρατιᾶς
873 2619 1081 2705 ἡγησόμενος
1095 2623 1159 2686 σὺν

142 2727 250 2814 βλάβη
273 2724 388 2792 τεκαὶ
411 2727 552 2813 αἰσχύνη
575 2726 701 2813 μεγάλη
724 2724 913 2813 ἀνέστρεψε.
954 2737 1057 2792 ταῦτα
1079 2748 1160 2812 προ-

141 2837 291 2910 ειπόντες
318 2832 355 2898 έν
382 2842 427 2922 τῷ
455 2834 594 2916 πλήθει,
621 2830 677 2897 καὶ
704 2831 809 2918 βητην
831 2855 906 2897 τινα
929 2830 1160 2911 ἀποδείξαντες

141 2938 281 3027 ἡμέραν,
304 2938 343 3005 έν
364 2931 386 3026 ᾖ
409 2938 503 3016 τέλος
522 2940 652 3024 ἔφησαν
671 2938 847 3022 ἐπιθήσειν
865 2947 904 3024 τῇ
924 2940 1012 3026 δίκη,
1034 2941 1159 3024 παρήγ-
1173 2954 1202 3010 ιε

142 3051 257 3131 γειλαν
271 3045 360 3135 αύτῷ
375 3056 529 3131 παρεῖναι
542 3041 609 3110 τότ’
622 3043 910 3135 ἀπολογησομένῳ.
934 3044 1159 3129 ἀγανακτούν-
1174 3049 1195 3114 3

142 3177 211 3220 των
234 3150 264 3218 δ’
288 3152 444 3219 ἁπάντων
467 3163 533 3218 τῶν
557 3156 740 3240 πατρικίων
762 3151 818 3218 καὶ
840 3151 1160 3239 παρεσκευασμένων

216 3424 353 3472 ῦκοινοῦ
373 3416 474 3472 ABao
497 3423 579 3488 κοινῇ
598 3417 645 3471 Bb
665 3433 687 3472 e.
707 3434 777 3474 corr,
868 3415 968 3470 9*τδι
986 3413 1187 3488 ἀλλότριαΟ.
1318 3403 1319 3446 3

145 3493 178 3542 12
203 3486 343 3542 διελέλυτο
363 3487 414 3542 AC
487 3493 522 3541 14
544 3489 754 3560 τιμωρήσονται
773 3486 850 3542 ABb

198 3587 298 3629 onm.
314 3587 379 3629 Eu..
388 3587 433 3628 111.
461 3599 499 3628 τε.
514 3587 615 3630 ῖεοοιιτ.
966 3580 1002 3630 24
