2660 3976
516 259 684 309 -H-
1042 257 1106 323 169

103 415 160 482 ὑπὸ
185 424 244 500 τής
268 420 408 501 βουλής,
439 415 460 500 ή
488 413 556 481 καί
589 415 692 502 άρχὰς
721 415 903 502 ἐπαίρουσά
930 441 970 503 με
997 430 1108 498 κεναῖς

104 520 239 607 ἐλπίσιν,
270 522 369 606 ήνίκα
397 533 467 600 τοῖς
494 522 676 608 δημάρχοις
701 525 885 606 τυραννίδα
911 528 1107 611 περιβαλλο-

104 626 206 712 μένοις
226 629 472 714 ἠναντιούμην,
499 628 545 706 ὡς
571 627 654 712 αὐτή
681 627 868 714 παρέξουσα
890 631 928 696 τὸ
951 627 1106 716 ἀσφαλές,

104 733 206 818 έτειδή
241 737 404 801 κίνδυνόν
441 733 507 800 τιν’
552 733 588 800 ἐκ
618 745 686 800 τῶν
723 737 911 820 δημοτικῶν
942 735 1107 820 ὑπείδετο,

103 837 216 925 άπέστη
237 839 294 906 καὶ
315 839 489 926 παρέδωκέ
504 863 544 926 με
567 852 636 918 τοῖς
654 840 798 928 έχθροῖς.
843 845 886 908 σὺ
904 840 1017 928 μέντοι
1035 839 1102 909 τότ’
1120 827 1146 942 ⁶⁶

104 946 193 1024 αύιὸς
212 947 338 1024 ύπατος
359 941 466 1032 ήσθα,
493 942 520 1012 ὦ
542 948 711 1032 Μηνύκιε,
739 947 850 1014 ὅτιτὸ
872 950 1107 1035 προβούλευμα

103 1055 136 1119 τὸ
161 1052 236 1134 περὶ
266 1063 326 1138 τής
355 1055 449 1138 δίκης
479 1051 627 1138 ἐγένετο,
659 1050 714 1118 καλ
746 1053 845 1138 ήνίκα
875 1053 1057 1141 Οὐαλέριος
1088 1056 1107 1122 ὁ

103 1161 316 1244 παραδιδόναι
342 1183 382 1244 με
408 1167 454 1248 τῷ
483 1161 577 1249 δήμῳ
604 1171 777 1244 παραινῶν
803 1163 935 1247 σφόδρα
962 1160 1015 1228 ἐπὶ
1037 1172 1108 1240 τοῖς

53 1268 206 1349 ιιιελόγοις
232 1265 418 1350 εὐδοκίμει,
451 1264 542 1349 κάγὼ
569 1266 703 1351 δεδιώς,
735 1268 780 1351 μή
807 1268 923 1350 ψήφου
950 1269 1108 1352 δοθείσης

38 1419 39 1422 ,
103 1371 161 1438 ὑπὸ
181 1383 248 1439 τῶν
271 1370 445 1458 συνέδρων
468 1370 548 1455 ἁλῶ,
571 1369 744 1455 συνέγνων
762 1370 818 1437 καὶ
835 1363 990 1458 παρέξειν
1008 1372 1107 1458 έμαυ-
1122 1397 1148 1436 ιο

102 1478 155 1543 τὸν
175 1479 368 1564 ὑπεσχόμην
390 1475 508 1544 ἑκόντα
531 1476 585 1543 έπλ
606 1479 668 1561 τήν
690 1480 798 1563 δίκην.

154 1584 278 1652 XXXI.
312 1583 381 1650 Ἴθι
407 1586 450 1670 δή
473 1607 547 1668 μοι,
574 1585 745 1668 Μηνύκιε,
772 1583 965 1669 ἀπόκριναι,
986 1587 1108 1672 πότερα

103 1688 152 1756 καί
171 1701 209 1777 τῇ
232 1695 339 1776 βουλῇ
360 1699 419 1774 τῆς
439 1693 598 1777 τιμωρίας
619 1690 710 1769 άξιος
732 1689 860 1776 έφάυην
878 1687 976 1776 εἶναι,
999 1691 1050 1758 ὅτι
1067 1692 1108 1757 τὰ

104 1797 248 1879 κράτιστα
277 1796 515 1881 ἐπολιτευόμην
541 1819 577 1862 τε
603 1795 660 1862 καὶ
687 1798 865 1882 ἔπραττον,
892 1798 913 1882 ή
940 1807 986 1886 τῷ
1013 1798 1107 1887 δήμῳ

99 1905 201 1992 ’μόνρη
223 1906 256 1970 εί
276 1900 338 1989 μὲν
360 1905 425 1990 γάρ
443 1905 545 1970 άπασι
563 1903 666 1968 ταύτὰ
684 1901 793 1969 ε’δόιιει
814 1907 887 1970 τότε
910 1902 966 1969 καλ
988 1903 1108 1982 πάντες
1123 1924 1147 1966 ιο

105 2031 139 2090 με
166 2009 366 2094 ἀπηλάσατε,
397 2012 547 2097 φανερὸν
573 2009 626 2075 ὅτι
651 2010 771 2088 πάντες
798 2011 834 2076 ολ
858 2019 961 2077 ταῦτα
987 2013 1109 2095 βουλη-

105 2113 210 2194 θέντες
236 2116 358 2204 ἀρετήν
386 2127 526 2200 μισεῖτε,
553 2113 608 2181 καὶ
634 2119 734 2194 τόπος
761 2116 873 2193 οὐδείς
895 2114 987 2182 ἐστιν
1009 2115 1046 2181 ἐν
1068 2125 1108 2203 τῇ

105 2224 188 2287 πόλει
206 2223 384 2309 δεχόμενος
397 2224 661 2304 καλοκαγαθίαν·
681 2223 712 2287 εί
724 2218 762 2288 δέ
776 2227 953 2307 βιασθεῖσα
966 2221 987 2305 ή
1002 2224 1107 2306 βουλή

106 2329 304 2414 συνεχώρησε
325 2337 371 2417 τῷ
394 2329 488 2417 δήμῳ
511 2326 567 2392 καλ
588 2330 627 2394 τὸ
649 2329 750 2414 ἔργον
768 2328 870 2412 αύτής
887 2326 1032 2412 ἀνάγκης
1053 2323 1108 2413 ήν,

106 2433 141 2497 ού
167 2435 316 2521 γνώμης,
346 2434 536 2518 ὁμολογεῖτε
565 2434 675 2518 δήπου
703 2439 1025 2520 πονηροκρατεῖσθαι
1052 2433 1148 2501 καίεο

107 2541 235 2624 μηδενὸς
265 2535 354 2607 εἶναι
380 2541 442 2624 τήν
468 2540 597 2623 βουλήν
625 2533 673 2605 ὧν
699 2537 742 2604 άν
769 2537 948 2624 προέληται
979 2543 1108 2626 κυρίαν.

107 2644 193 2713 ἔκειτ’
218 2649 267 2725 είς
289 2647 446 2730 τοιαύτην
468 2642 601 2723 ἀξιοῦτέ
620 2667 660 2730 με
687 2649 862 2711 κατελθεῖν
883 2648 997 2729 πόλιν,
1025 2643 1062 2710 ἐν
1084 2639 1143 2732 ,ήλ

106 2753 137 2816 τὸ
160 2766 308 2840 κρεῖττον
330 2750 430 2838 μέρος
455 2752 522 2818 ὑπὸ
548 2760 609 2817 τοῦ
631 2751 782 2836 χείρονος
803 2751 952 2837 άρχεταις
980 2752 1108 2834 πολλήν

107 2857 162 2942 λίρα
186 2855 412 2945 κατεγνώκατέ
436 2881 501 2943 μου
527 2860 661 2943 μανίαν.
709 2853 806 2943 φέρε,
836 2853 893 2922 καὶ
924 2856 967 2940 δή
998 2853 1108 2922 πέπει-

57 2971 175 3047 Ιιιισμαι
199 2964 254 3033 καλ
281 2965 522 3050 διαλυσάμενος
547 2965 608 3029 τὸν
636 2965 799 3048 πόλεμον,
829 2962 938 3048 ὥσπερ
966 2961 1108 3047 ἀξιοῦτε,
1122 2981 1149 3024 ιε

106 3075 320 3156 κατελήλυθα,
346 3075 396 3148 τίς
421 3071 442 3155 ή
470 3070 551 3155 μετὰ
572 3066 663 3136 ταῦτ’
691 3072 782 3135 ἔσται
809 3092 875 3154 μου
898 3069 1031 3135 διάνοια
1053 3067 1109 3135 καὶ

106 3177 170 3242 τίνα
197 3181 273 3263 βίον
304 3179 456 3262 ζήσομαις
487 3179 610 3261 πότερα
643 3171 808 3261 τάσφαλὲς
841 3173 897 3240 καὶ
926 3174 1108 3243 ἀκίνδυνον

167 3375 183 3425 9
200 3370 393 3438 ἀποδοθείσης
405 3386 428 3423 ο,
442 3366 588 3436 Kiessling
641 3373 673 3423 11
693 3365 798 3437 ήξοντα
812 3365 835 3421 Ο
850 3360 952 3422 ἑκόντα
966 3385 990 3424 ο.
1004 3368 1108 3424 Reiske

108 3443 137 3491 16
151 3449 236 3496 ταῦτα
254 3439 277 3496 0
295 3439 385 3495 ταύτὰ
402 3457 426 3495 ο.
445 3438 617 3508 Grasberger
634 3437 711 3494 Τοεε,
730 3437 846 3508 Ηεελιὶρ.
865 3455 892 3507 p.
908 3444 941 3493 32
1002 3447 1034 3494 19
1053 3439 1106 3495 ἀπ’

108 3507 220 3582 ἀνάγκης
237 3529 260 3568 ο.
279 3510 384 3566 Βείελιο
456 3516 491 3566 24
510 3529 563 3580 μου
583 3525 637 3566 om.
656 3511 679 3566 B
695 3511 700 3583 1
716 3506 786 3580 φέρε
804 3508 841 3579 δή
859 3509 909 3564 καλ
927 3509 947 3566 0
