2660 3976
188 219 253 284 100
614 219 774 267 -ι-

185 381 225 446 τά
248 381 370 467 εὔορκα
390 380 503 446 δοκεῖν
522 377 712 464 ἐγνωκέναι.
748 376 846 454 ἐάσας
864 377 905 460 δή
924 379 1003 454 τοὺς
1021 375 1206 461 στεφάνους

185 485 241 552 καλ
264 487 303 551 τά
327 486 475 573 άριστεῑα
497 483 553 551 καὶ
575 486 615 551 τά
638 485 808 570 τραύματα
830 481 885 548 καὶ
908 482 970 566 τήν
988 483 1093 566 ἄλλην
1111 505 1206 566 τερα·
1316 497 1317 550 λ

186 595 277 659 τείαν
304 595 387 677 πρὸς
416 602 519 658 ταῦτα
546 590 637 675 λέγε,
669 584 696 654 ώ
724 591 869 676 Μάρκιε·
902 590 1115 675 παραδίδωμι
1140 589 1206 673 γάρ

185 701 250 784 ήδη
274 697 327 764 σοί
350 700 409 764 τὸν
433 701 544 781 λόγον.

160 830 173 870 ο
253 803 391 869 LXIIII.
424 807 531 870 Τοῦτο
553 805 590 869 τὸ
614 805 827 888 κατηγόρημα
846 803 975 887 πολλήν
994 801 1126 887 ἐποίησε
1145 803 1207 886 τήν

189 910 243 978 ἐπὶ
272 912 399 996 θάτερα
430 911 624 994 μεταβολήν.
672 909 707 975 οί
731 905 792 994 μὲν
819 909 883 994 γάρ
912 907 1149 994 ἐπιεικέστεροί
1171 929 1208 972 τε

188 1015 243 1082 καλ
271 1015 511 1094 σπουδάζοντες
538 1011 622 1097 ὑπὲρ
649 1013 798 1099 ἀφέσεως
819 1025 884 1083 ποῦ
911 1014 1034 1099 ἀνδρὸς
1057 1016 1209 1100 μαλακώ-
1278 1006 1282 1014 “

188 1144 277 1207 τεροι
309 1123 438 1187 τούτων
469 1120 670 1197 ἀκούσαντες
701 1118 873 1204 ἐγένοντο,
904 1122 942 1185 τὸ
974 1117 1011 1185 δέ
1043 1124 1209 1205 κακόηθες

189 1229 289 1311 άπαν,
312 1227 330 1292 δ
354 1237 415 1294 τοῦ
439 1229 547 1312 δήμου
565 1232 722 1292 πλεῖστον
739 1225 838 1312 μέρος
855 1222 910 1310 ήν,
933 1226 969 1292 ἐκ
986 1230 1109 1305 παντὸς
1127 1226 1208 1293 άπο-
1318 1231 1319 1234 ’

152 1360 177 1400 10
192 1333 284 1401 λέσαι
316 1336 375 1399 τὸν
403 1335 511 1416 ἄνδρα
538 1333 647 1418 δήπου
675 1335 973 1419 προθυμούμενον,
1006 1335 1054 1399 ἔτι
1081 1337 1209 1419 μᾶλλον

192 1444 241 1518 είς
271 1437 361 1506 ταῦτ’
395 1438 589 1526 ἐπερρώσθη
623 1439 766 1523 μεγάλης
797 1438 949 1525 ἀφορμῆς
978 1438 1034 1505 καλ
1063 1449 1282 1526 φανερᾶς1463

156 1550 391 1633 2λαβόμενον.
436 1540 479 1629 ήν
502 1546 565 1630 γάρ
589 1544 718 1628 άληθής
740 1538 760 1628 ή
783 1557 850 1610 τών
869 1546 1032 1630 λαφύρων·
1048 1547 1212 1630 διάδοσις,

195 1654 237 1718 ού
260 1653 327 1736 μήν
350 1651 387 1716 ἐκ
408 1649 632 1737 προαιρέσεώς
653 1673 691 1734 γε
714 1660 862 1737 πονηράς
881 1649 937 1716 καλ
956 1648 1009 1716 ἐπὶ
1027 1661 1212 1738 κατασκευῇ
1319 1651 1320 1654 ’

193 1758 406 1845 τυραννίδος,
433 1756 478 1833 ὡς
505 1757 524 1822 ὁ
547 1755 669 1833 Δέκιος
691 1753 817 1843 ήτιάτο,
840 1754 1018 1841 γενομένη,
1046 1755 1118 1823 ἀλλ’
1146 1757 1212 1825 άπὸ

153 1891 178 1932 ιε
192 1849 315 1940 παντὸς
346 1873 407 1928 τοῦ
439 1865 612 1946 βελτίστου
643 1861 699 1928 καὶ
731 1861 992 1948 ἐπανορθώσεως
1021 1862 1118 1930 ἕνεκα
1144 1876 1213 1930 τών

192 1973 398 2056 κατεχόντων
421 1969 461 2034 τδι
484 1970 581 2034 κοινά
603 1979 723 2034 κακῶν.
761 1969 990 2048 στασιάζοντος
1008 1971 1071 2055 γάρ
1091 1973 1139 2036 ἐτι
1157 1970 1213 2036 καί

194 2077 403 2160 διεστηκότος
421 2073 486 2140 άπὸ
505 2085 573 2140 τών
590 2077 773 2159 πατρικίων
789 2085 849 2141 τοῦ
862 2079 1015 2159 πλήθους
1027 2079 1100 2142 τότε
1115 2091 1214 2142 κατα-

194 2187 422 2269 φρονήσαντες
450 2178 485 2247 οί
509 2178 661 2265 πολέμιοι
684 2181 892 2265 καταδρομάς
913 2190 971 2264 τῆς
993 2183 1101 2267 χώρας
1124 2182 1214 2250 ἐποι-

197 2298 296 2353 οῦντο
329 2285 385 2352 καὶ
417 2290 592 2371 λεηλασίας
625 2299 786 2372 συνεχεῖς·
822 2284 877 2351 καλ
909 2287 1007 2353 ὁπότε
1040 2288 1146 2368 δόξειε
1175 2299 1214 2377 τή

157 2421 185 2468 νο
199 2398 303 2478 βουλή
323 2393 384 2476 τήν
401 2394 620 2458 κωλύσουσαν
638 2403 741 2459 ταῦτα
760 2393 905 2478 δύναμιν
923 2391 1084 2479 ἐξελθεῖν,
1102 2394 1216 2472 οὐδεὶς

199 2495 286 2585 ἐξήει
310 2510 377 2564 τῶν
400 2500 570 2583 δημοτῶν,
593 2497 666 2564 ἀλλ’
692 2497 866 2585 ἐπέχαιρόν
889 2522 923 2565 τε
945 2498 1001 2566 καί
1023 2504 1216 2587 περιεώρων

197 2607 238 2672 τδι
265 2607 437 2689 γινόμενα·
470 2604 491 2687 ἡ
520 2601 557 2670 δὲ
583 2616 652 2670 τών
679 2609 862 2690 πατρικίων
888 2603 961 2690 χεὶρ
983 2605 1044 2670 οὐκ
1065 2601 1110 2690 ἦν
1132 2605 1212 2673 καθ’

163 2711 319 2796 3ἐαυτήν
341 2710 530 2796 άξιόμοιχας.
576 2721 674 2778 τοῦτο
702 2712 905 2794 καταμαθών
933 2711 951 2778 ὁ
974 2713 1128 2798 Μάρκιος
1155 2714 1217 2778 ὑπ-

199 2819 311 2906 έσχετο
339 2829 409 2894 τοῖς
435 2818 589 2901 ὑπάτοις,
619 2816 678 2883 ἐὰν
701 2816 922 2903 ἐπιτρέψωσιν
945 2818 1034 2906 αὐτῷ
1057 2820 1119 2903 τήν
1141 2820 1218 2903 ἡγε-

159 2951 185 2993 εο
199 2929 336 3009 μονίαν,
367 2925 523 3010 στρατιάν
552 2923 643 3003 άξειν
671 2922 826 2991 ἑκούσιον
853 2923 906 2990 ἐπὶ
934 2928 1013 3002 τοὺς
1039 2929 1220 3010 πολεμίους

199 3030 255 3097 καλ
283 3033 380 3114 δίκην
408 3031 574 3114 λήψεσθαι
601 3027 678 3116 παρ’
705 3031 815 3096 αύτών
838 3030 875 3097 ἐν
897 3032 997 3117 τάχει.
1043 3033 1158 3116 λαβὼν
1182 3029 1220 3098 δέ

200 3139 262 3222 τήν
291 3135 444 3214 ἐξουσίαν
468 3138 641 3203 συνεκάλει
663 3138 742 3214 τούς
764 3161 798 3204 τε
822 3138 963 3216 πελάτας
984 3137 1040 3203 καὶ
1063 3141 1141 3217 τοὺς
1165 3143 1220 3225 φί-

274 3335 291 3382 4
313 3327 363 3381 τὸν
382 3327 465 3398 λόγον
483 3337 583 3384 τοῦτον
601 3337 683 3384 τούτο
701 3328 733 3384 τὸ
755 3327 805 3384 ΑΟ
878 3335 911 3384 14
935 3329 1069 3401 γινομένη
1087 3329 1111 3384 Β
1186 3337 1220 3386 22

203 3398 273 3468 αὐτὴ
293 3396 364 3453 καθ’
377 3394 479 3468 ἑαυτὴν
492 3397 636 3470 Kiessh'ng
690 3407 724 3455 25
744 3399 922 3474 στρατ<ι>αν
935 3401 958 3454 Β
973 3404 1003 3458 et
1017 3418 1102 3472 saepe
1119 3405 1124 3473 Ι
1140 3402 1222 3470 ἄξειν

204 3470 226 3526 0
246 3464 356 3540 ἐξάγειν
376 3474 405 3539 (!)
424 3470 567 3541 Kiessling
588 3478 591 3538 λ
612 3469 750 3541 πολέμους
767 3472 793 3526 Α

252 3577 259 3586 ι.
