2660 3976
607 254 775 302 ..Η-

182 411 266 478 ἀλλδι
288 411 388 497 (καὶ)
412 415 592 498 πεποίηκας
614 413 679 497 ἤδη
703 423 851 497 σκοπεῖν,
873 414 995 495 πότερα
1018 413 1195 474 καταλῦσαι
1299 393 1301 468 f

183 521 244 602 την
262 517 432 605 Ῥωμαίων
450 519 556 606 ἀρχὴν
575 519 688 596 αὐτοῖς
709 520 860 604 ἄμεινον,
882 517 903 602 ἢ
926 514 1074 602 μετέχειν
1097 515 1256 598 αύτῆςιονο
1300 517 1301 574 I

144 624 217 704 3ἐξ
246 631 322 691 ῖσου
349 626 467 710 κοινὴν
495 622 804 710 καταστησαμένους
834 626 1013 691 πολιτείαν.
1064 620 1107 687 ἐῦ
1135 621 1196 705 γὰρ
1300 593 1301 674 λ

181 729 303 817 λέγειν,
326 732 417 810 ὅσοις
438 734 644 816 κεκόσμηκας
664 730 700 796 ἐκ
718 740 779 797 τοῦ
796 728 944 814 πολέμου
962 729 1126 814 λαφύροις
1143 729 1199 804 τὰς
1303 751 1304 818 j

156 841 295 916 ιπόλεις
317 839 440 923 αὐτῶν,
462 835 518 904 καλ
541 841 701 922 πηλίκους
723 837 895 924 κεχάρισαι
913 847 984 912 τοῖς
1000 851 1198 920 συστρατευ-

183 941 339 1028 σαμένοις
364 944 538 1021 πλούτους.
584 947 663 1020 τοὺς
690 945 732 1028 δὴ
761 943 942 1019 τοσούτους
965 941 1021 1008 διὰ
1044 937 1082 1006 σε
1104 964 1198 1024 γενο-

183 1049 305 1134 μένους
340 1047 396 1115 καλ
432 1047 485 1114 ἐπὶ
524 1051 722 1136 τηλικαύτης
752 1052 933 1134 βεβηκότας
969 1047 1121 1133 εὐτυχίας
1158 1047 1198 1113 ού

181 1158 291 1234 δοκεῖς
313 1155 497 1241 ἀγαπήσειν
516 1147 567 1234 οἷς
585 1159 720 1243 ἔχουσιν
738 1155 891 1241 ἀγαθοῖς,
913 1152 985 1220 ἀλλ’
1009 1154 1202 1240 ὀργιεῖσθαί

181 1279 235 1328 σοι
264 1261 320 1330 καλ
349 1262 607 1348 ἀγανακτήσειν,
636 1262 696 1328 ἐὰν
728 1263 772 1348 μὴ
802 1261 858 1328 καλ
886 1265 924 1329 τὸ
954 1271 1012 1346 της
1040 1263 1200 1344 πατρίδος
1303 1315 1304 1323 ,

142 1390 168 1430 ιο
182 1360 262 1453 αἷμα
289 1380 361 1447 ταῖς
382 1368 498 1456 χερσίν
521 1369 632 1436 αὐτῶν
655 1369 857 1456 ἐπισπείσηςς
887 1369 952 1453 ἐγὼ
980 1364 1042 1453 μὲν
1065 1368 1128 1433 οὐκ
1152 1374 1200 1434 οί-

145 1481 270 1559 4ομαι.
316 1468 407 1562 <είς>
435 1478 483 1542 ἔτι
510 1499 567 1561 μοι
594 1480 822 1543 καταλείπεται
845 1479 944 1559 λόγος
967 1474 1103 1560 ἰσχυρὸς
1126 1472 1199 1559 μέν,
1301 1499 1302 1502 ’

181 1580 240 1646 ἐὰν
259 1587 406 1670 λογισμςῦ
426 1585 542 1668 κρίνης
560 1581 675 1665 αὐτόν,
693 1577 839 1665 ἀσθενὴς
857 1578 903 1663 δ’,
922 1579 980 1645 ἐὰν
999 1577 1067 1664 μετ’
1086 1581 1199 1666 ὀργῆς,

181 1687 199 1753 ὁ
222 1685 298 1772 περὶ
324 1696 382 1772 τῆς
404 1687 446 1754 οὐ
469 1689 605 1765 δικαίως
632 1685 835 1772 μισουμένης
855 1687 921 1752 ὑπὸ
945 1696 1007 1753 σοῦ
1029 1688 1198 1770 πατρίδος.

181 1793 257 1860 οὔτε
286 1793 349 1879 γὰρ
376 1792 576 1877 ὑγιαίνουσα
603 1790 658 1859 καί
685 1803 731 1882 τῷ
759 1796 886 1882 πατρίῳ
909 1795 1021 1882 κόσμιμ
1044 1797 1199 1860 πολιτευ-

142 1921 166 1962 1⁵
181 1899 283 1986 ομίνη
302 1901 363 1985 τὴν
382 1899 423 1966 ού
443 1902 575 1966 δικαίαν
593 1900 675 1965 κατὰ
694 1909 757 1966 σοῦ
774 1903 886 1985 κρίσιν
905 1899 1091 1985 ἐξήνεγκεν,
1114 1899 1200 1966 ἀλλὰ

179 2015 327 2073 νοσοῦσα
345 2009 398 2072 καί
418 2005 454 2071 ἐν
473 2010 586 2095 πολλῷ
605 2007 752 2072 κλύδωνι
771 2004 988 2090 σαλευομένη,
1011 2007 1088 2073 ούτε
1107 2015 1199 2072 πᾶσα
1303 2011 1304 2016 ’

180 2113 242 2196 τὴν
274 2113 379 2197 αὐτὴν
411 2113 548 2198 γνώμην
580 2108 647 2178 τότ’
682 2113 794 2198 ἔσχεν,
825 2110 909 2177 ἀλλά
940 2114 977 2178 τὸ
1009 2113 1127 2179 κάκιον
1161 2113 1199 2180 ἐν

141 2217 263 2304 δαῦτῇ
292 2216 391 2304 μέρος
417 2229 577 2303 πονηροῖς
604 2218 803 2302 προστάταις
832 2218 1051 2305 χρησόμενον.
1101 2221 1134 2284 εί
1161 2216 1260 2288 δὲιενι

182 2323 224 2407 δὴ
254 2324 299 2407 μη
328 2333 398 2400 τοῖς
428 2327 596 2401 κακίστοις
627 2327 749 2408 μόνον,
781 2323 866 2390 ἀλλὰ
897 2323 952 2390 καλ
984 2335 1054 2402 τοῖς
1083 2326 1199 2404 ἀλλοις

141 2452 168 2492 ιο
181 2429 305 2495 ἀπασιν
329 2428 436 2496 ἐδόκει
458 2439 572 2515 ταῦτα,
595 2429 650 2497 καὶ
672 2431 716 2508 ὡς
735 2430 776 2497 ού
794 2431 833 2496 τδι
852 2431 1008 2517 κράτιστα
1025 2436 1199 2498 πολιτευό-

180 2559 280 2621 μενος
306 2535 480 2622 ἀπηλύῦης
506 2533 563 2602 ὑπ’
595 2537 722 2621 αὐτῶν,
750 2534 823 2604 οὐδ’
855 2537 942 2604 οὕτω
971 2555 1024 2604 σοι
1051 2549 1198 2626 προσῆκε
1301 2579 1302 2584 1

180 2654 396 2729 μνησικακεῖν
419 2645 502 2729 πρὸς
524 2645 585 2727 τὴν
614 2654 755 2710 σεαυτοῦ
777 2646 928 2729 πατρίδα.
974 2650 1111 2723 πολλοῖς
1133 2647 1197 2732 γὰρ

180 2749 222 2833 δὴ
245 2747 301 2816 καὶ
324 2751 438 2827 ἀλλοις
461 2761 528 2816 τῶν
557 2749 620 2817 ἀπὸ
649 2760 710 2818 τοῦ
731 2753 905 2836 βελτίστου
928 2750 1197 2838 πολιτευομένου

178 2857 219 2921 τὰ
241 2857 454 2942 παραπλήσια
476 2855 605 2942 ’συνέβη
633 2864 770 2923 παθεῖν·
796 2855 852 2923 καὶ
882 2860 1018 2925 σπάνιοι
1041 2861 1084 2943 δή
1108 2860 1198 2938 τινές

140 2982 165 3022 25
179 2964 280 3048 είσιν,
308 2954 358 3041 οἷς
387 2962 449 3029 οὐκ
471 2962 671 3030 ἀντέπνευσε
694 2967 777 3052 πρὸς
799 2966 861 3049 τὴν
885 2967 1051 3032 δοκοῦσαν
1075 2964 1197 3053 ἀρετὴν

252 3231 265 3278 1
285 3225 334 3280 καὶ
353 3226 417 3283 αδδ.
437 3226 541 3282 Reiske
601 3235 616 3282 2
637 3229 732 3290 αὐτοῖς
750 3227 840 3298 ἀρχὴν
857 3229 877 3282 Β
897 3229 992 3291 αὐτοῖς
1010 3245 1065 3284 om.
1080 3229 1106 3282 R
1124 3245 1194 3286 corr.

178 3293 282 3349 Reiske
362 3298 681 3369 3καταστησύμενοςΒ
763 3305 796 3354 10
816 3295 868 3370 ἐγὼ
887 3299 939 3370 μὲν
958 3297 1009 3355 ούν
1029 3301 1081 3354 ούκ
1100 3302 1194 3372 οῖομαι

177 3364 229 3420 ΑΟ
302 3374 335 3421 11
355 3367 395 3431 εἷς
413 3369 478 3424 add.
494 3370 637 3440 KIessling
651 3370 685 3424 cf.
704 3371 768 3425 VIII
782 3376 856 3440 27,1
931 3377 964 3425 16
983 3371 1078 3426 *οὔτε
1098 3371 1194 3426 ἅπασα

178 3436 201 3490 Ο
277 3443 308 3492 17
327 3439 433 3508 ταύτην
452 3441 503 3510 την
522 3459 545 3495 ο.
564 3440 709 3510 Kiessling
762 3447 795 3495 21
817 3439 879 3498 οὐδ’
900 3441 937 3497 ἀν
957 3441 1028 3498 οῦτοι
1048 3459 1071 3496 ο.
1091 3442 1193 3498 Reiske

68 3549 78 3570 ,
177 3513 210 3561 22
230 3507 285 3579 γδιρ
304 3525 358 3563 om.
378 3511 403 3563 A
476 3518 510 3566 23
529 3511 623 3574 ἀλλοις
641 3513 697 3566 ἀπὸ
716 3533 739 3566 τ.
760 3514 785 3586 β.
804 3513 1031 3583 πολιτευομένοις
1049 3513 1074 3566 Α
