2660 3976
560 222 727 272 -Η-
1086 222 1148 287 161

132 378 165 447 δ’
199 380 222 465 ἡ
252 383 409 447 Λατίνων
439 379 495 446 καὶ
526 393 594 447 τῶν
625 382 737 447 ἄλλων
769 381 950 468 συμμάχων
987 383 1043 468 <τε
1074 382 1151 468 καὶ)

133 487 286 554 ἀποίκων
303 496 362 572 τῆς
378 487 505 563 πόλεως
522 487 626 572 ἰσχύς,
648 485 692 570 ἣν
711 487 827 570 ὀλίγον
844 496 955 553 πᾶσαν
972 485 1153 574 ἐπίκουρον

132 595 229 678 ἥξειν
245 591 446 681 προσδέχου·
465 596 645 678 στρατηγοί
659 617 694 659 τε
713 584 783 671 οἰος
801 597 843 660 σὺ
861 591 916 660 καί
933 595 1151 681 πρεσβύτεροι

133 699 194 768 καί
218 699 291 767 νέοι
316 708 470 767 τοσοῦτοι
496 702 535 766 τὸ
561 705 707 785 πλῆθος,
735 699 808 767 ὅσοι
833 701 923 786 παρά
949 700 1068 778 πάσαις
1090 701 1152 767 οὐκ
1327 727 1328 768 ι

133 807 204 874 εἰσί
229 819 300 886 ταῖς
326 808 443 884 άλλαις
467 810 594 873 πόλεσι.
639 809 775 892 μεγίστη
803 803 841 873 δέ
867 818 983 874 πασῶν
1010 791 1193 905 βοήθειαῗ)5

133 912 194 980 καί
219 914 278 992 τὰς
303 911 341 979 ἐν
367 925 439 990 τοῖς
465 914 588 990 δεινοῖς
614 912 750 990 ἐλπίδας
771 910 930 980 οὐδέποθ’
954 912 1051 998 ἡμῶν
1072 923 1153 992 ψευ-

134 1018 264 1106 σαμένη
293 1019 467 1104 συμπάσης
494 1016 522 1084 τ’
552 1019 699 1104 ἀμείνων
728 1018 944 1105 ἀνθρωπίνης
973 1020 1102 1106 ἰσχύος,
1130 1019 1152 1104 ἡ

133 1127 227 1212 παρὰ
252 1136 320 1191 τῶν
346 1131 438 1192 θεῶν
464 1126 596 1210 εύνοια,
624 1121 668 1190 δι’
695 1125 755 1202 οδς
778 1125 819 1191 ού
841 1128 947 1209 μόνον
971 1123 1154 1210 ἐλευθέραν

134 1234 187 1308 εἰς
207 1233 284 1297 τόδε
306 1234 432 1318 χρόνον
453 1233 515 1316 τὴν
532 1234 632 1298 πόλιν
650 1233 751 1314 τήνδε
769 1232 926 1317 οἰκοῦμεν
946 1231 1070 1316 ὀγδόην
1087 1233 1152 1316 ἥδη

133 1339 201 1422 τὴν
218 1346 283 1402 νῦν
300 1338 431 1422 γενεάν,
449 1337 533 1404 ἀλλὰ
551 1335 606 1404 καί
624 1337 808 1422 εὐδαίμονα
824 1334 880 1402 καί
893 1340 1028 1402 πολλῶν
1041 1335 1153 1402 ἐθνῶν
1168 1360 1194 1398 ιο

134 1445 317 1528 άρχουσαν.
363 1445 407 1528 μη
436 1440 474 1510 δέ
495 1445 663 1520 Πεδανοῖς
683 1443 769 1528 ἡμᾶς
791 1443 924 1529 εἰκάσης
944 1437 1029 1527 μηδὲ
1055 1444 1190 1510 Τολε-4

135 1552 248 1636 ρι’νοις
268 1544 353 1634 μηδὲ
375 1561 444 1626 τοῖς
466 1551 581 1627 άλλοις
598 1552 856 1637 μικροπολίταις,
878 1543 927 1614 ὧν
944 1545 1098 1633 κατέσχες
1114 1549 1155 1613 τά

134 1658 309 1740 πολίχνια·
332 1654 387 1721 καὶ
406 1656 469 1741 γάρ
487 1656 595 1739 ἥττων
613 1657 656 1721 άν
673 1659 723 1732 τίς
741 1671 803 1722 σον
823 1656 1004 1742 στρατηγὸς
1021 1652 1078 1719 καί
1096 1651 1151 1718 ἀπ’

135 1761 314 1838 ἐλάττονος
331 1760 352 1846 ἢ
369 1761 533 1845 τοσαύτης
550 1770 704 1848 στρατιάς
717 1762 989 1847 ὀλιγανθρωπίαν
1001 1759 1057 1826 καί
1070 1785 1156 1847 φαυ-

53 1869 260 1952 1561λότητα
287 1867 460 1953 ἐρυμάτων
483 1865 651 1952 ἐβιάσατο·
678 1864 749 1933 ἀλλ’
777 1866 929 1952 ἐνθυμοῦ
951 1869 988 1932 τὸ
1012 1864 1155 1950 μέγεθος
1170 1887 1195 1926 ιι

135 1981 200 2058 τῆς
221 1976 348 2051 πόλεως
369 1972 425 2040 καί
447 1975 508 2060 τὴν
531 1977 743 2060 λαμπρότητα
764 1959 832 2040 τῶν
855 1972 892 2039 ἐν
914 1983 984 2050 τοῖς
1001 1970 1157 2056 πολέμοις

136 2079 291 2164 πράξεων
318 2079 374 2146 καί
396 2082 457 2164 τὴν
480 2079 517 2146 ἐκ
537 2090 599 2146 τοῦ
621 2083 719 2146 θείου
740 2089 914 2167 παροῦσαν
936 2078 1019 2162 αὐτῇ
1041 2079 1158 2162 τύχην,

139 2181 187 2251 δι’
215 2185 258 2269 ἣν
288 2183 325 2251 ἐκ
353 2195 472 2272 μικράς
500 2187 642 2271 τοσαύτη
673 2185 798 2270 χέχονε.
844 2183 900 2250 καί
926 2185 987 2268 τὴν
1015 2189 1191 2254 σεαυτοῦῠ

140 2291 300 2375 δύναμιν,
322 2290 366 2374 ἣν
388 2292 479 2374 άχων
503 2294 589 2380 ἰρχῳ
612 2293 738 2378 τοσῷδε
761 2289 951 2376 ἐπνχειρεΐς,
978 2289 1022 2374 μὴ
1045 2292 1157 2375 νόμιζε

139 2397 324 2482 ἠλλάχθαι,
347 2395 431 2462 ἀλλά
454 2395 601 2481 μέμνησο
625 2397 779 2484 ἀκριβῶς,
801 2396 852 2462 ότι
876 2395 1101 2461 Οὐολούσκων
1123 2419 1158 2462 τε
1172 2418 1200 2458 εο

140 2499 199 2568 καί
220 2505 379 2570 Αἰκανῶν
406 2504 563 2589 στρατιάν
585 2501 707 2590 ἐπάγη,
733 2503 792 2580 οὓς
813 2502 908 2586 ἡμεῖς
930 2501 1001 2566 οἵδε
1025 2502 1074 2582 [οί
1093 2512 1159 2568 νῦν

142 2611 250 2690 ὄντες]
275 2607 313 2674 έν
335 2613 473 2686 πολλαῖς
495 2608 657 2694 ἐνικῶμεν
679 2609 809 2694 μάχαις,
830 2607 944 2684 ὁσάκις
966 2605 1046 2691 ἡμῖν
1059 2606 1160 2685 έτόλ-

142 2732 253 2800 μησαυ
276 2715 324 2791 είς
341 2717 487 2799 πόλεμον
504 2724 717 2799 καταστῆναι·
740 2715 824 2780 ὥστε
844 2716 907 2780 σὺν
924 2723 995 2790 τοῖς
1012 2714 1159 2798 χείροσιν

143 2820 367 2904 ἀγωνίζεσθαι
398 2819 529 2905 μέλλων
561 2827 634 2888 ἰσθι
665 2822 749 2906 πρὸς
779 2822 859 2898 τοὺς
886 2823 1077 2906 κρείττονας
1104 2816 1160 2883 καί

23 3010 29 3020 ἰ
143 2929 209 2992 σὺν
235 2937 307 3002 τοίς
332 2924 533 3010 ἡττωμένοις
560 2927 616 2992 διά
642 2928 765 3003 παντὸς
790 2927 873 3011 πρὸς
899 2929 977 3002 τοὺς
998 2935 1161 3001 νικῶντας
1174 2941 1200 2983 25

144 3031 206 3098 άεί.
242 3033 275 3096 εἰ
297 3027 335 3096 δὲ
357 3032 399 3116 δὴ
422 3031 581 3100 τάναντία
601 3034 730 3101 τούτων
747 3028 802 3118 ην,
825 3029 932 3099 ἐκεῖνό
950 3028 990 3115 χέ
1005 3052 1058 3096 τοι
1075 3032 1195 3098 θαν-6

219 3194 233 3241 1
254 3205 285 3242 τε
303 3186 353 3241 καί
371 3187 435 3243 αδδ.
454 3187 587 3243 Gelenius
670 3195 688 3242 4
707 3185 768 3244 ὅσοι
785 3187 864 3257 παρὰ
881 3186 986 3250 πάσαις
1004 3185 1026 3240 0
1046 3185 1160 3258 ὅσοιπερ

145 3257 305 3320 mame.
316 3257 440 3314 ειιιιιιι
454 3259 515 3315 ει.
529 3259 610 3315 Dion.
625 3259 664 3312 111
679 3265 712 3314 ω
768 3267 801 3313 ιι
817 3258 853 3329 μη
869 3257 900 3313 α
916 3257 938 3312 0
954 3257 991 3328 μη
1006 3257 1042 3327 εχ
1057 3255 1161 3313 ειῑοιι

147 3336 183 3384 14
201 3329 365 3397 φαυλότητα
382 3329 517 3384 τοιούτων
536 3325 681 3400 ἐρυμάτιον
699 3346 722 3385 c.
741 3329 845 3385 Roiske
923 3335 956 3384 19
975 3329 990 3363 *
1006 3323 1118 3399 ἐπάγων
1138 3328 1160 3384 Ο

147 3393 323 3469 ἐπαγόμενος
340 3416 363 3454 ο.
383 3399 528 3471 Kiessling
546 3399 622 3472 ἄγων
636 3416 690 3470 ego
761 3406 795 3456 21
815 3399 845 3455 οἰ
861 3407 914 3455 νύν
932 3399 1047 3463 όντεςθ
1067 3397 1097 3455 οἰ
1109 3408 1162 3455 νῦν

147 3468 288 3540 πορόντες
306 3486 329 3525 ο.
347 3470 491 3542 Kiessling
515 3471 570 3527 del.
589 3470 678 3528 Cobet
697 3470 763 3527 Obs.
781 3490 809 3542 p.
826 3477 877 3527 159
896 3470 999 3528 Variae
1017 3471 1094 3528 Leet.
1109 3476 1161 3528 298

203 3569 304 3611 Βιοεῐε.
317 3570 381 3614 Hm.
390 3571 434 3612 m.
462 3580 501 3611 ιο.
517 3572 618 3613 huon.
968 3564 1000 3613 ll
