2656 3974
564 221 731 274 -ss-

139 393 326 467 πεπηγυῖαν
355 380 585 459 ἀνατείνοντες
611 383 666 448 καί
693 393 760 448 τῶν
787 382 898 447 ἀλλων
926 380 1060 467 ἀνδρῶν
1087 391 1157 447 τῶν

140 489 328 575 ἐπιφανῶν,
357 488 402 564 ὡς
432 488 473 571 δὴ
503 489 611 577 τούτφ
640 487 922 573 καταπληξόμενοι
949 490 1028 565 τοὺς
1055 489 1157 554 ἔνδον

139 594 195 662 καὶ
218 592 461 679 ἀναγκάσοντες
482 595 692 680 παραδοῦναι
716 597 810 680 σφίσι
833 594 873 659 τά
896 593 990 659 ὅπλα.
1026 605 1096 671 τοῖς
1119 590 1151 659 δ’

139 704 204 787 ἀρα
231 704 314 789 πρὸς
336 697 402 786 ’μὲν
429 702 491 785 τὴν
519 701 696 789 συμφοράν
723 711 791 766 τῶν
819 699 1041 767 ἀπολωλότων
1064 703 1158 781 ἔλεός

110 832 189 887 ετις
215 806 361 896 παρέστη
389 803 444 873 καί
472 806 673 873 ἀνεκλάοντο
702 807 813 873 αὐτῶν
841 807 903 891 τὴν
924 808 1043 892 τύχην,
1072 809 1158 892 πρὸς

140 912 178 981 δέ
201 918 260 981 τὸν
284 913 397 998 ἀγῶνα
420 913 548 1000 θράσος
572 915 749 981 διπλάσιον
768 912 882 999 ἐυέφυ,
905 909 1038 979 καὶτοῦ
1057 922 1157 978 νικᾶν

140 1022 161 1107 ἢ
184 1023 244 1087 τὸν
267 1021 369 1087 αὐτὸν
392 1019 529 1098 ἐκείνοις
551 1024 676 1112 τρόπον
699 1019 903 1105 ἀποθανεῖν,
925 1016 1005 1106 πρὶν
1028 1023 1075 1096 είς
1096 1042 1158 1086 πο-

103 1129 263 1212 2λεμίων
290 1137 400 1215 χεῖρας
428 1126 559 1210 ἐλθεῖν,
585 1129 685 1204 καλὸς
713 1130 804 1211 ἔρως.
850 1126 981 1211 ἐκείνην
1008 1122 1069 1210 μὲν
1093 1120 1157 1192 οὖν

139 1235 201 1319 τὴν
229 1235 333 1301 νύκτα
359 1234 774 1321 παρεστρατοπεδευκότων
797 1241 843 1322 τῷ
866 1231 985 1319 χάρακι
1007 1243 1074 1298 τῶν
1096 1253 1158 1297 πο-

103 1367 128 1407 10
141 1343 266 1426 λεμίωυ
288 1342 458 1428 ἀγρυπυοί
477 1363 511 1405 τε
535 1341 571 1407 οἱ
586 1337 740 1425 Ῥωμαῖοι
758 1337 813 1405 καὶ
832 1338 1098 1417 ἐπισκευάζοντες
1115 1341 1158 1404 τά

140 1450 349 1531 πεπονηκότα
375 1456 437 1513 τοῦ
464 1445 607 1533 χάρακος
631 1443 835 1530 διετέλεσαν,
862 1447 902 1512 τά
924 1442 952 1511 τ’
979 1447 1078 1530 ἀλλα,
1106 1436 1159 1523 οἷς

141 1553 319 1639 ἀπερύκειν
342 1554 481 1638 ἔμελλον
505 1552 638 1636 αὐτούς,
661 1553 693 1617 εί
713 1557 906 1638 πειραθεῖεν
927 1551 1030 1618 πάλιν
1051 1571 1234 1637 mxv-1926

142 1670 259 1747 μαχείν
281 1660 388 1725 πολλά
410 1657 466 1724 καὶ
489 1669 631 1724 παντοῖα
653 1657 927 1744 εὐτρεπιζόμενοι.
968 1665 1006 1743 τῇ
1031 1655 1060 1722 δ’
1082 1655 1158 1742 ἑξῆς

141 1767 233 1831 αἵτε
255 1763 440 1852 προσβολαὶ
458 1765 559 1830 πάλιν
577 1763 741 1850 ἐγίνοντο,
766 1763 822 1830 καὶ
840 1765 858 1831 ό
877 1762 979 1850 χάραξ
999 1765 1155 1830 διεσπᾶτο

101 1896 127 1938 ιι
141 1873 223 1938 κατὰ
246 1871 353 1938 πολλὰ
375 1868 471 1957 μέρη·
494 1866 551 1936 καὶ
573 1871 731 1948 πολλάκις
749 1867 812 1955 μὲν
829 1870 894 1936 ὑπὸ
912 1881 981 1934 τῶν
1000 1868 1157 1948 ἐξιόντων

140 1980 221 2044 κατὰ
245 1977 434 2063 συστροφάς
457 1975 493 2042 ἐκ
514 1984 575 2042 τοῦ
598 1976 740 2064 χάρακος
763 1975 1030 2065 ἐξεκρούσθησαν
1049 1977 1084 2042 ολ
1096 1979 1158 2042 Αί-

140 2089 247 2170 κανοί,
269 2085 428 2161 πολλάκις
452 2079 481 2148 δ’
505 2082 715 2168 ἀνεκόπησαν
737 2081 795 2150 ὑπ’
816 2082 952 2149 ἐκείνων
975 2082 1012 2148 οί
1028 2084 1159 2166 θρασύ-

104 2201 238 2277 3τερον
262 2189 450 2269 ἐπεξιόντες.
492 2187 548 2254 καὶ
570 2197 668 2255 τοῦτο
693 2185 737 2254 δι’
765 2187 843 2273 ὅλης
865 2197 923 2273 τῆς
945 2188 1068 2274 ἡμέρας
1090 2188 1158 2273 ἐχί-

139 2316 229 2363 νετο·
243 2297 245 2300 ’
261 2299 346 2361 ἔνθα
373 2295 391 2361 ό
417 2293 453 2362 θ’
480 2295 604 2373 ύπατος
628 2296 646 2362 ὁ
669 2305 736 2362 τῶν
754 2292 925 2380 Ῥωμαίων
949 2299 1076 2386 σαυνίφ
1100 2297 1157 2361 διά

100 2430 126 2470 ιο
140 2411 200 2469 τοῦ
223 2408 352 2488 θυρεοῦ
376 2399 634 2489 διαπερονηθεὶς
651 2391 863 2489 τιτρώσκεται
881 2403 940 2468 τὸν
959 2405 1077 2487 μηρόν,
1100 2401 1158 2469 καὶ

139 2511 235 2575 ἀλλοι
255 2506 372 2594 συχνοὶ
390 2519 457 2574 τῶν
476 2506 659 2592 ἐπιφανῶν,
678 2508 751 2574 ὅσοι
770 2506 847 2594 περὶ
861 2507 964 2574 αὐτὸν
979 2508 1156 2595 ἐμάχοντο·

138 2616 203 2700 ἥδη
233 2612 270 2680 δέ
297 2626 366 2692 τοῖς
384 2613 555 2700 Ῥωμαίοις
578 2613 792 2700 ἀπειρηκόσιν
816 2613 1065 2701 ἀπροσδόκητος
1087 2615 1158 2681 ἐπι-

29 2777 34 2783 .
140 2725 294 2807 φαίνεται
322 2717 398 2807 περὶ
426 2721 540 2805 δείλην
568 2720 669 2800 ὀνίαν
691 2721 841 2807 προσιὼν
864 2723 1036 2808 Κοίντιος,
1064 2723 1158 2806 ἀχωυ

139 2829 200 2911 την
236 2825 434 2894 ἐθελούσιον
471 2827 666 2914 ἐπικουρίαν
701 2838 769 2893 τῶν
805 2826 1053 2913 ἀκμαιοτάτων,
1095 2829 1157 2907 οὓς

101 2961 128 3002 ιε
141 2925 271 3012 ’ίδόντες
303 2935 338 3000 oc
367 2932 519 3018 πολέμιοι
550 2937 750 3022 προσιόντας
782 2932 987 3021 ἀνέστρεφον
1017 2932 1158 3020 ἀφέντες

211 3203 227 3251 2
251 3207 333 3253 τοῦτο
351 3198 399 3251 Βιι
481 3203 497 3251 4
520 3199 586 3268 post
597 3196 655 3322 χεν
674 3213 773 3252 rasura
790 3196 849 3253 fere
869 3203 938 3253 6-8
957 3197 1013 3254 litt.
1032 3197 1055 3250 B
1139 3205 1156 3254 ὅ

140 3269 298 3324 ἀνεκλῶντο
317 3269 343 3322 Α
363 3267 579 3342 ἀνεκλ<ά>οντο
625 3269 644 3322 b
718 3274 751 3323 10
771 3266 801 3324 ολ
818 3269 925 3326 add.B
999 3275 1031 3323 12
1051 3268 1158 3340 ἀπερύ-

139 3359 201 3395 κειν
222 3341 296 3394 ABb
319 3340 521 3409 ἀποκηρύττειν
545 3339 590 3395 vel
612 3339 783 3410 ἀποκρούων
801 3339 848 3396 Ba
872 3339 1043 3411 ἀποκρούειν
1062 3339 1158 3394 Kiess·

140 3408 202 3480 ling
275 3415 308 3464 18
333 3405 443 3479 ἐγένετο
461 3410 538 3465 ABa
613 3417 645 3467 19
664 3412 781 3466 σαννίον
802 3442 834 3453 -
854 3409 1157 3483 διαπερονηθὲνιοςΒ

74 3505 76 3510 ·
142 3485 176 3535 22
196 3474 465 3554 έπιφ<αί>νεταιΒ
