2660 3976
549 244 711 292 -Ζ-
1074 237 1137 304 109

120 408 191 480 λοις
212 403 462 487 κοινωσάμενος
479 403 520 466 τὰ
539 405 770 486 συμβεβηκότα
787 401 843 468 καὶ
865 399 1059 479 κελευσθεὶς
1076 401 1133 468 ὑπ’

120 507 257 574 ἐκείνων
279 509 374 592 ήκειν
392 507 446 574 ἐπὶ
462 510 525 593 τήν
543 511 685 599 βουλήν,
726 508 859 587 διεξιὼν
878 504 916 574 δὲ
934 519 1036 576 ταῦτα
1056 509 1139 574 κατὰ

119 617 239 699 μικρὸν
254 614 362 680 ἐδόκει
376 626 443 681 τῶν
457 613 655 700 ἀλγηδόνων
665 614 945 680 ἀπαλλάττεσθαι·
959 612 1015 680 καὶ
1025 614 1138 699 ἐπειδή

118 719 228 786 πάντα
256 720 432 806 διεξῆλθεν
461 719 604 798 ἀναστάς
635 721 671 786 ἐκ
702 731 763 786 τοῦ
794 721 961 787 κλινιδίου
993 718 1049 786 καὶ
1080 722 1140 786 τὸν

118 829 204 893 θεὸν
218 826 408 911 ἀναβοήσας
426 823 525 914 ἀπήει
543 838 613 904 τοίς
632 823 753 892 ἑαυτοῦ
769 824 849 893 ποσί
868 827 924 892 διά
942 835 1000 911 τῆς
1013 828 1141 903 πόλεως
1167 851 1180 892 ε

122 935 236 1000 οἴκαδε
259 934 365 1016 ὑγιής.

190 1039 361 1106 LXVIIII.
393 1038 443 1104 ‘H
469 1037 507 1106 δὲ
538 1042 645 1125 βουλή
677 1039 776 1117 δέους
802 1039 973 1117 ἀνάπλεως
1000 1037 1142 1123 ἐγένετο,

120 1145 177 1212 καλ
200 1146 327 1232 ἀχανής
348 1143 391 1231 ήν
414 1146 550 1224 ἕκαστος
573 1133 635 1212 οὐκ
664 1149 750 1233 ἔχων
772 1150 971 1244 συμβαλετγ,
999 1147 1017 1211 ὅ
1045 1169 1077 1211 τι
1104 1148 1141 1211 τὸ

122 1255 335 1338 δηλούμενον
348 1249 391 1337 ήν
404 1253 470 1319 ὑπὸ
484 1263 545 1320 τοῦ
557 1261 655 1339 θεοῦ,
673 1251 728 1318 καὶ
749 1257 799 1330 τίς
810 1274 889 1318 ποτε
905 1253 922 1318 ὁ
937 1261 994 1336 τῆς
1011 1261 1143 1337 πομπῆς

57 1361 288 1446 ιιιεόρχηστής
309 1361 561 1445 προηγούμενος
583 1361 624 1427 ού
647 1362 748 1436 καλὸς
770 1359 858 1447 αὐτῷ
882 1358 998 1443 ἐφάνη.
1033 1361 1143 1422 ἔπειτα
1156 1383 1183 1424 ιο

121 1466 213 1551 λέγει
245 1490 296 1542 τις
328 1465 361 1545 ἐξ
389 1466 500 1532 αὐτῶν
532 1465 762 1552 ἀναμνησθεὶς
789 1469 834 1564 τὸ.
858 1468 1056 1550 γενόμενον,
1087 1463 1142 1529 καὶ

121 1574 245 1650 πάντες
273 1571 513 1659 ἐμαρτύρησαν.
563 1569 607 1658 ήν
639 1573 677 1639 δὲ
703 1573 849 1639 τοιόνδε·
878 1571 963 1658 ἀνήρ
986 1569 1144 1655 Ῥωμαίος

122 1680 185 1746 αύκ
218 1678 349 1764 ἀφανής
381 1679 574 1764 θεράποντα
611 1681 702 1745 ἴδιον
738 1677 791 1744 ἐπὶ
822 1679 962 1765 τιμωρία
992 1677 1143 1743 θανάτου

122 1785 297 1870 παραδοὺς
319 1796 389 1862 τοῖς
412 1785 611 1869 ὁμοδούλοις
633 1787 744 1870 άγειν,
767 1785 824 1850 ἵνα
852 1786 893 1869 δή
916 1785 1101 1869 περιφανής
1122 1783 1143 1866 ἡ

21 1913 43 1944 ‘x
122 1895 268 1976 τιμωρία
290 1899 350 1956 τοῦ
373 1889 558 1976 ἀνθρώπου
576 1889 723 1976 γένηται,
746 1887 790 1957 δι’
814 1889 937 1976 ἀγορᾶς
955 1890 1058 1956 αὐτὸν
1077 1889 1145 1954 ἐκέ·
1159 1911 1185 1954 15

124 2003 224 2064 λευσε
252 1997 519 2081 μαστιγούμενον
547 1995 656 2062 ἕλκειν
682 1994 738 2061 καὶ
766 2003 801 2062 εί
822 2019 872 2074 τις
901 1997 1001 2073 άλλος
1023 1992 1066 2080 ήν
1089 2007 1147 2081 τής

121 2109 252 2180 πόλεως
285 2106 386 2179 τόπος
419 2100 583 2186 ἐπιφανής
615 2103 805 2188 ἡγούμενον
834 2111 893 2187 τής
920 2111 1068 2188 πομπῆς,
1103 2103 1145 2187 ήν

124 2214 259 2276 ἔστελλε
281 2217 327 2296 τιβ
350 2215 421 2295 θεῷ
444 2206 516 2274 κατ’
545 2209 756 2275 ἐκεῖνοντὸν
779 2211 896 2295 καιρὸν
920 2209 940 2292 ή
963 2211 1067 2286 πόλις.
1113 2210 1149 2276 οί
1160 2217 1181 2280 2

17 2391 18 2396 1
124 2311 156 2382 δ’
179 2318 318 2399 ἄγοντες
336 2319 394 2382 τὸν
412 2315 605 2401 θεράποντα
628 2313 683 2381 ἐπὶ
700 2317 761 2399 τήν
779 2318 941 2400 τιμωρίαν
959 2315 1017 2392 τ’ἀς
1033 2326 1145 2403 χεῖρας

17 2469 18 2476 1
125 2422 359 2498 ἀποτείναντες
386 2420 573 2507 ἀμφοτέρας
597 2420 652 2488 καὶ
675 2421 763 2512 ξύλφ
787 2423 1035 2508 προσδήσαντες
1057 2424 1146 2508 παρὰ
1160 2444 1187 2485 το

60 2531 167 2596 ιιεοτδι
190 2526 313 2612 στέρνα
339 2549 374 2592 τε
401 2525 456 2592 καὶ
484 2530 563 2604 τοὺς
591 2529 703 2612 ὤμους
724 2525 780 2593 καί
802 2525 898 2613 μέχρι
920 2539 987 2593 τῶν
1010 2539 1147 2614 καρπῶν

127 2637 281 2718 διήκοντι
295 2635 576 2719 παρηκολούθουν
590 2633 759 2712 ξαίνοντες
772 2632 902 2718 μάστιξι
916 2636 1046 2717 γυμνὸν
1057 2635 1147 2698 ὄντα.

128 2743 148 2808 ὁ
175 2738 206 2806 δ’
239 2739 277 2806 ἐν
304 2741 418 2826 τοιᾷδε
451 2737 579 2824 ἀνάγκη
607 2741 831 2826 κρατούμενος
858 2739 938 2823 ἐβόα
969 2761 1005 2803 τε
1033 2739 1148 2823 φωνάς

130 2850 343 2933 δυσφήμους,
366 2846 405 2924 ἃς
427 2845 447 2928 ή
472 2845 627 2931 ἀλγηδὼν
650 2847 822 2931 ε’βούλετο,
845 2844 900 2911 καὶ
923 2847 1070 2929 κινήσεις
1092 2846 1148 2910 διὰ

128 2956 190 3039 τήν
213 2955 326 3019 αἰκίαν
344 2951 534 3038 ἀσχήμονας
552 2952 700 3019 ίκινείτο.
737 2963 859 3019 τοῦτον
877 2952 919 3036 δή
937 2951 1057 3030 πάντες
1075 2950 1148 3017 ἐνό-
1162 2971 1188 3013 ιε

202 3209 581 3282 θήκενΒαήκενΑΒλ)
660 3215 893 3286 9ὁπρδτῆςΒ
972 3220 1006 3269 10
1025 3213 1149 3285 προαγδ

134 3307 215 3357 μενος
232 3287 257 3340 Α
276 3285 414 3356 ἀγόμενος
432 3287 455 3339 Β
473 3287 684 3357 προηγούμενος
703 3286 825 3356 Sylburg
913 3293 944 3341 19
965 3280 1012 3341 ἐπὶ
1030 3289 1133 3357 τιμωρ’

134 3357 281 3438 03Garrer
299 3356 366 3412 Obs.
385 3377 412 3428 p.
433 3363 467 3412 75
566 3363 600 3411 22
620 3357 890 3481 E<⁰st>v⁰vvff)css
991 3365 1025 3412 23
1045 3353 1076 3413 ἐν
1095 3307 1150 3414 dg.

134 3428 277 3498 Ihessling
385 3433 420 3484 λδ
444 3424 565 3484 ἐποιεῖτο
588 3428 614 3482 Α
637 3425 756 3484 ἐκινεῖτο
826 3427 958 3498 idemque
981 3427 1149 3484 Plutarchus

136 3497 235 3556 Coriol.
254 3519 282 3570 p.
297 3505 333 3554 24
351 3499 424 3569 legit
