<?xml version="1.0" encoding="UTF-8"?>
<!DOCTYPE html PUBLIC "-//W3C//DTD XHTML 1.0 Transitional//EN"
    "http://www.w3.org/TR/xhtml1/DTD/xhtml1-transitional.dtd">
<html xmlns="http://www.w3.org/1999/xhtml" xml:lang="en" lang="en">
 <head>
  <title>
</title>
<meta http-equiv="Content-Type" content="text/html;charset=utf-8" />
  <meta name='ocr-system' content='tesseract 3.04.00' />
  <meta name='ocr-capabilities' content='ocr_page ocr_carea ocr_par ocr_line ocrx_word'/>
</head>
<body>
  <div class='ocr_page' id='page_1' title='image "./dionysihalicarn00unkngoog/dionysihalicarn00unkngoog_0184.png"; bbox 0 0 2660 3976; ppageno 0'>
   <div class='ocr_carea' id='block_1_1' title="bbox 651 241 929 317">
    <p class='ocr_par' dir='ltr' id='par_1_1' title="bbox 651 241 929 317">
     <span class='ocr_line' id='line_1_1' title="bbox 651 241 929 317; baseline 0.007 -37"><span class='ocrx_word' id='word_1_1' title='bbox 651 241 929 317; x_wconf 76' lang='lat'><strong><em>..11..¹</em></strong></span> 
     </span>
    </p>
   </div>
   <div class='ocr_carea' id='block_1_2' title="bbox 186 385 1304 2611">
    <p class='ocr_par' dir='ltr' id='par_1_2' title="bbox 186 385 1304 2611">
     <span class='ocr_line' id='line_1_2' title="bbox 228 385 1302 486; baseline -0.003 -20"><span class='ocrx_word' id='word_1_2' title='bbox 228 403 409 483; x_wconf 79' lang='grc' dir='ltr'><strong><em>παθόντες,</em></strong></span> <span class='ocrx_word' id='word_1_3' title='bbox 435 402 495 466; x_wconf 87' lang='grc' dir='ltr'><strong><em>τὸν</em></strong></span> <span class='ocrx_word' id='word_1_4' title='bbox 517 401 645 486; x_wconf 88' lang='grc' dir='ltr'><strong><em>άπορου</em></strong></span> <span class='ocrx_word' id='word_1_5' title='bbox 671 398 727 465; x_wconf 81' lang='grc' dir='ltr'><strong><em>καὶ</em></strong></span> <span class='ocrx_word' id='word_1_6' title='bbox 754 398 907 467; x_wconf 78' lang='grc' dir='ltr'><strong><em>ἀνέστιον</em></strong></span> <span class='ocrx_word' id='word_1_7' title='bbox 929 397 985 465; x_wconf 82' lang='grc' dir='ltr'><strong><em>καί</em></strong></span> <span class='ocrx_word' id='word_1_8' title='bbox 1008 401 1167 465; x_wconf 88' lang='grc' dir='ltr'><strong><em>ταπεινὸν</em></strong></span> <span class='ocrx_word' id='word_1_9' title='bbox 1188 394 1240 463; x_wconf 79' lang='grc' dir='ltr'><strong><em>καὶ</em></strong></span> <span class='ocrx_word' id='word_1_10' title='bbox 1300 385 1302 421; x_wconf 33' lang='lat' dir='ltr'>l</span> 
     </span>
     <span class='ocr_line' id='line_1_3' title="bbox 190 503 1240 597; baseline -0.002 -26"><span class='ocrx_word' id='word_1_11' title='bbox 190 508 348 597; x_wconf 83' lang='grc' dir='ltr'><strong><em>4άπολιν</em></strong></span> <span class='ocrx_word' id='word_1_12' title='bbox 373 503 576 586; x_wconf 79' lang='grc' dir='ltr'><strong><em>ὑπεδέξαντό</em></strong></span> <span class='ocrx_word' id='word_1_13' title='bbox 602 529 642 592; x_wconf 93' lang='grc' dir='ltr'><strong><em>με</em></strong></span> <span class='ocrx_word' id='word_1_14' title='bbox 669 517 741 584; x_wconf 78' lang='grc' dir='ltr'><strong><em>ταῖς</em></strong></span> <span class='ocrx_word' id='word_1_15' title='bbox 770 504 898 572; x_wconf 80' lang='grc' dir='ltr'><strong><em>ἑαυτῶν</em></strong></span> <span class='ocrx_word' id='word_1_16' title='bbox 923 509 1048 572; x_wconf 89' lang='grc' dir='ltr'><strong><em>πόλεσι.</em></strong></span> <span class='ocrx_word' id='word_1_17' title='bbox 1097 503 1154 570; x_wconf 82' lang='grc' dir='ltr'><strong><em>καὶ</em></strong></span> <span class='ocrx_word' id='word_1_18' title='bbox 1182 504 1240 570; x_wconf 82' lang='grc' dir='ltr'><strong><em>οὐκ</em></strong></span> 
     </span>
     <span class='ocr_line' id='line_1_4' title="bbox 228 599 1304 701; baseline -0.002 -22"><span class='ocrx_word' id='word_1_19' title='bbox 228 613 352 701; x_wconf 81' lang='grc' dir='ltr'><strong><em>ἀπέχρη</em></strong></span> <span class='ocrx_word' id='word_1_20' title='bbox 380 614 494 691; x_wconf 77' lang='grc' dir='ltr'><strong><em>αὐτοῖς</em></strong></span> <span class='ocrx_word' id='word_1_21' title='bbox 520 622 618 680; x_wconf 85' lang='grc' dir='ltr'><strong><em>τοῦτο</em></strong></span> <span class='ocrx_word' id='word_1_22' title='bbox 647 616 804 697; x_wconf 78' lang='grc' dir='ltr'><em>ποιήσασι</em></span> <span class='ocrx_word' id='word_1_23' title='bbox 835 616 941 698; x_wconf 91' lang='grc' dir='ltr'><strong><em>μόνον</em></strong></span> <span class='ocrx_word' id='word_1_24' title='bbox 973 612 1060 679; x_wconf 72' lang='grc' dir='ltr'><strong><em>οὕτω</em></strong></span> <span class='ocrx_word' id='word_1_25' title='bbox 1091 613 1240 698; x_wconf 88' lang='grc' dir='ltr'><strong><em>λαμπρὸν</em></strong></span> <span class='ocrx_word' id='word_1_26' title='bbox 1301 599 1304 672; x_wconf 68' lang='lat' dir='ltr'>f</span> 
     </span>
     <span class='ocr_line' id='line_1_5' title="bbox 226 717 1240 806; baseline -0.006 -20"><span class='ocrx_word' id='word_1_27' title='bbox 226 719 283 786; x_wconf 83' lang='grc' dir='ltr'><strong><em>καὶ</em></strong></span> <span class='ocrx_word' id='word_1_28' title='bbox 309 723 543 805; x_wconf 78' lang='grc' dir='ltr'><strong><em>μεγαλόψυχον</em></strong></span> <span class='ocrx_word' id='word_1_29' title='bbox 575 722 691 806; x_wconf 81' lang='grc' dir='ltr'><strong><em>ἔργον,</em></strong></span> <span class='ocrx_word' id='word_1_30' title='bbox 720 718 803 784; x_wconf 85' lang='grc' dir='ltr'><strong><em>ἀλλδ</em></strong></span> <span class='ocrx_word' id='word_1_31' title='bbox 834 717 891 784; x_wconf 81' lang='grc' dir='ltr'><strong><em>καὶ</em></strong></span> <span class='ocrx_word' id='word_1_32' title='bbox 922 721 1092 785; x_wconf 77' lang='grc' dir='ltr'><strong><em>πολιτείαν</em></strong></span> <span class='ocrx_word' id='word_1_33' title='bbox 1120 717 1240 784; x_wconf 81' lang='grc' dir='ltr'><strong><em>ἔδοσάν</em></strong></span> 
     </span>
     <span class='ocr_line' id='line_1_6' title="bbox 201 822 1241 911; baseline 0.002 -24"><span class='ocrx_word' id='word_1_34' title='bbox 201 846 214 887; x_wconf 80' lang='grc' dir='ltr'><strong><em>ι</em></strong></span> <span class='ocrx_word' id='word_1_35' title='bbox 228 850 285 911; x_wconf 93' lang='grc' dir='ltr'><strong><em>μοι</em></strong></span> <span class='ocrx_word' id='word_1_36' title='bbox 304 824 341 892; x_wconf 78' lang='grc' dir='ltr'><strong><em>ἐν</em></strong></span> <span class='ocrx_word' id='word_1_37' title='bbox 360 824 500 902; x_wconf 83' lang='grc' dir='ltr'><strong><em>άπάσαις</em></strong></span> <span class='ocrx_word' id='word_1_38' title='bbox 517 836 589 903; x_wconf 74' lang='grc' dir='ltr'><strong><em>ταῖς</em></strong></span> <span class='ocrx_word' id='word_1_39' title='bbox 607 823 734 891; x_wconf 79' lang='grc' dir='ltr'><strong><em>ἑαυτῶν</em></strong></span> <span class='ocrx_word' id='word_1_40' title='bbox 747 828 863 891; x_wconf 90' lang='grc' dir='ltr'><strong><em>πόλεσι</em></strong></span> <span class='ocrx_word' id='word_1_41' title='bbox 881 823 936 890; x_wconf 78' lang='grc' dir='ltr'><strong><em>καὶ</em></strong></span> <span class='ocrx_word' id='word_1_42' title='bbox 950 825 1052 910; x_wconf 80' lang='grc' dir='ltr'><strong><em>ἀρχάς</em></strong></span> <span class='ocrx_word' id='word_1_43' title='bbox 1065 822 1122 889; x_wconf 82' lang='grc' dir='ltr'><strong><em>καὶ</em></strong></span> <span class='ocrx_word' id='word_1_44' title='bbox 1137 823 1241 908; x_wconf 85' lang='grc' dir='ltr'><strong><em>τιμάς,</em></strong></span> 
     </span>
     <span class='ocr_line' id='line_1_7' title="bbox 227 925 1241 1018; baseline -0.003 -22"><span class='ocrx_word' id='word_1_45' title='bbox 227 935 265 996; x_wconf 77' lang='grc' dir='ltr'><strong><em>αλ</em></strong></span> <span class='ocrx_word' id='word_1_46' title='bbox 284 929 435 1016; x_wconf 80' lang='grc' dir='ltr'><strong><em>μέγισται</em></strong></span> <span class='ocrx_word' id='word_1_47' title='bbox 461 927 538 1018; x_wconf 89' lang='grc' dir='ltr'><strong><em>παρ’</em></strong></span> <span class='ocrx_word' id='word_1_48' title='bbox 566 931 680 1008; x_wconf 73' lang='grc' dir='ltr'><strong><em>αὐτοῖς</em></strong></span> <span class='ocrx_word' id='word_1_49' title='bbox 705 933 801 997; x_wconf 91' lang='grc' dir='ltr'><strong><em>είσιν.</em></strong></span> <span class='ocrx_word' id='word_1_50' title='bbox 847 929 890 996; x_wconf 78' lang='grc' dir='ltr'><strong><em>ἐῶ</em></strong></span> <span class='ocrx_word' id='word_1_51' title='bbox 912 925 1028 998; x_wconf 83' lang='grc' dir='ltr'><strong><em>τᾶλλα·</em></strong></span> <span class='ocrx_word' id='word_1_52' title='bbox 1057 930 1142 996; x_wconf 80' lang='grc' dir='ltr'><strong><em>ἀλλὰ</em></strong></span> <span class='ocrx_word' id='word_1_53' title='bbox 1165 927 1241 996; x_wconf 84' lang='grc' dir='ltr'><strong><em>νυνὶ</em></strong></span> 
     </span>
     <span class='ocr_line' id='line_1_8' title="bbox 228 1035 1241 1125; baseline -0.001 -23"><span class='ocrx_word' id='word_1_54' title='bbox 228 1038 413 1122; x_wconf 88' lang='grc' dir='ltr'><strong><em>στρατηγὸν</em></strong></span> <span class='ocrx_word' id='word_1_55' title='bbox 432 1035 669 1123; x_wconf 74' lang='grc' dir='ltr'><strong><em>ἀποδεδείχασί</em></strong></span> <span class='ocrx_word' id='word_1_56' title='bbox 683 1060 723 1122; x_wconf 91' lang='grc' dir='ltr'><strong><em>με</em></strong></span> <span class='ocrx_word' id='word_1_57' title='bbox 741 1037 969 1125; x_wconf 87' lang='grc' dir='ltr'><strong><em>αὐτοκράτορα</em></strong></span> <span class='ocrx_word' id='word_1_58' title='bbox 986 1046 1045 1122; x_wconf 80' lang='grc' dir='ltr'><strong><em>τῆς</em></strong></span> <span class='ocrx_word' id='word_1_59' title='bbox 1062 1037 1241 1123; x_wconf 84' lang='grc' dir='ltr'><strong><em>ὑπερορίου</em></strong></span> 
     </span>
     <span class='ocr_line' id='line_1_9' title="bbox 228 1141 1242 1231; baseline -0.001 -23"><span class='ocrx_word' id='word_1_60' title='bbox 228 1151 382 1230; x_wconf 83' lang='grc' dir='ltr'><strong><em>στρατιᾶς</em></strong></span> <span class='ocrx_word' id='word_1_61' title='bbox 399 1141 454 1209; x_wconf 78' lang='grc' dir='ltr'><strong><em>καὶ</em></strong></span> <span class='ocrx_word' id='word_1_62' title='bbox 473 1145 581 1210; x_wconf 90' lang='grc' dir='ltr'><strong><em>πάντα</em></strong></span> <span class='ocrx_word' id='word_1_63' title='bbox 598 1145 638 1209; x_wconf 87' lang='grc' dir='ltr'><strong><em>τά</em></strong></span> <span class='ocrx_word' id='word_1_64' title='bbox 655 1145 752 1210; x_wconf 86' lang='grc' dir='ltr'><strong><em>κοινδ</em></strong></span> <span class='ocrx_word' id='word_1_65' title='bbox 771 1142 821 1210; x_wconf 79' lang='grc' dir='ltr'><strong><em>ἐπ’</em></strong></span> <span class='ocrx_word' id='word_1_66' title='bbox 839 1143 913 1228; x_wconf 75' lang='grc' dir='ltr'><strong><em>ἐμοὶ</em></strong></span> <span class='ocrx_word' id='word_1_67' title='bbox 929 1147 1127 1229; x_wconf 82' lang='grc' dir='ltr'><strong><em>πεποιήκασι</em></strong></span> <span class='ocrx_word' id='word_1_68' title='bbox 1141 1145 1242 1231; x_wconf 74' lang='grc' dir='ltr'><strong><em>μόνῳ.</em></strong></span> 
     </span>
     <span class='ocr_line' id='line_1_10' title="bbox 192 1248 1302 1337; baseline -0.004 -21"><span class='ocrx_word' id='word_1_69' title='bbox 192 1248 308 1335; x_wconf 83' lang='grc' dir='ltr'><strong><em>5φέρε</em></strong></span> <span class='ocrx_word' id='word_1_70' title='bbox 334 1251 391 1333; x_wconf 81' lang='grc' dir='ltr'><strong><em>δη,</em></strong></span> <span class='ocrx_word' id='word_1_71' title='bbox 420 1252 496 1316; x_wconf 89' lang='grc' dir='ltr'><strong><em>τίνα</em></strong></span> <span class='ocrx_word' id='word_1_72' title='bbox 523 1251 637 1335; x_wconf 82' lang='grc' dir='ltr'><strong><em>λαβὼν</em></strong></span> <span class='ocrx_word' id='word_1_73' title='bbox 662 1252 804 1337; x_wconf 76' lang='grc' dir='ltr'><strong><em>καρδίαν</em></strong></span> <span class='ocrx_word' id='word_1_74' title='bbox 830 1252 993 1336; x_wconf 78' lang='grc' dir='ltr'><strong><em>προδοίην</em></strong></span> <span class='ocrx_word' id='word_1_75' title='bbox 1020 1249 1063 1315; x_wconf 84' lang='grc' dir='ltr'><strong><em>δν</em></strong></span> <span class='ocrx_word' id='word_1_76' title='bbox 1090 1252 1139 1315; x_wconf 82' lang='grc' dir='ltr'><strong><em>ἔτι</em></strong></span> <span class='ocrx_word' id='word_1_77' title='bbox 1159 1249 1302 1320; x_wconf 48' lang='grc' dir='ltr'><strong><em>’τού-1511ἶ</em></strong></span> 
     </span>
     <span class='ocr_line' id='line_1_11' title="bbox 188 1351 1241 1443; baseline -0.002 -20"><span class='ocrx_word' id='word_1_78' title='bbox 188 1375 213 1415; x_wconf 87' lang='lat'><strong><em>1⁰</em></strong></span> <span class='ocrx_word' id='word_1_79' title='bbox 225 1380 319 1443; x_wconf 85' lang='grc' dir='ltr'><strong><em>τους,</em></strong></span> <span class='ocrx_word' id='word_1_80' title='bbox 350 1354 409 1442; x_wconf 88' lang='grc' dir='ltr'><strong><em>ὑφ’</em></strong></span> <span class='ocrx_word' id='word_1_81' title='bbox 441 1351 489 1422; x_wconf 83' lang='grc' dir='ltr'><strong><em>ὧν</em></strong></span> <span class='ocrx_word' id='word_1_82' title='bbox 516 1358 726 1440; x_wconf 80' lang='grc' dir='ltr'><strong><em>τηλικαύταις</em></strong></span> <span class='ocrx_word' id='word_1_83' title='bbox 751 1351 954 1442; x_wconf 76' lang='grc' dir='ltr'><strong><em>κεκόσμημαι</em></strong></span> <span class='ocrx_word' id='word_1_84' title='bbox 980 1367 1105 1442; x_wconf 77' lang='grc' dir='ltr'><strong><em>τιμαῖς,</em></strong></span> <span class='ocrx_word' id='word_1_85' title='bbox 1137 1353 1241 1421; x_wconf 71' lang='grc' dir='ltr'><strong><em>οὐδὲν</em></strong></span> 
     </span>
     <span class='ocr_line' id='line_1_12' title="bbox 226 1460 1243 1548; baseline -0.002 -20"><span class='ocrx_word' id='word_1_86' title='bbox 226 1464 304 1529; x_wconf 77' lang='grc' dir='ltr'><strong><em>οὔτε</em></strong></span> <span class='ocrx_word' id='word_1_87' title='bbox 335 1466 448 1548; x_wconf 78' lang='grc' dir='ltr'><strong><em>μεῖζον</em></strong></span> <span class='ocrx_word' id='word_1_88' title='bbox 479 1460 550 1529; x_wconf 75' lang='grc' dir='ltr'><strong><em>οὔτ’</em></strong></span> <span class='ocrx_word' id='word_1_89' title='bbox 586 1465 722 1531; x_wconf 81' lang='grc' dir='ltr'><strong><em>ἔλαττον</em></strong></span> <span class='ocrx_word' id='word_1_90' title='bbox 753 1463 940 1548; x_wconf 75' lang='grc' dir='ltr'><strong><em>άδικηδείς;</em></strong></span> <span class='ocrx_word' id='word_1_91' title='bbox 973 1464 1004 1528; x_wconf 87' lang='grc' dir='ltr'><strong><em>εί</em></strong></span> <span class='ocrx_word' id='word_1_92' title='bbox 1033 1464 1078 1547; x_wconf 82' lang='grc' dir='ltr'><strong><em>μη</em></strong></span> <span class='ocrx_word' id='word_1_93' title='bbox 1110 1464 1178 1548; x_wconf 85' lang='grc' dir='ltr'><strong><em>ἀρα</em></strong></span> <span class='ocrx_word' id='word_1_94' title='bbox 1209 1462 1243 1526; x_wconf 71' lang='grc' dir='ltr'><strong><em>αι’</em></strong></span> 
     </span>
     <span class='ocr_line' id='line_1_13' title="bbox 225 1567 1241 1654; baseline 0.001 -21"><span class='ocrx_word' id='word_1_95' title='bbox 225 1569 356 1654; x_wconf 86' lang='grc' dir='ltr'><strong><em>χάριτες</em></strong></span> <span class='ocrx_word' id='word_1_96' title='bbox 383 1568 493 1634; x_wconf 80' lang='grc' dir='ltr'><strong><em>αὐτῶν</em></strong></span> <span class='ocrx_word' id='word_1_97' title='bbox 521 1567 677 1634; x_wconf 86' lang='grc' dir='ltr'><strong><em>ἀδικοῦσί</em></strong></span> <span class='ocrx_word' id='word_1_98' title='bbox 696 1592 748 1654; x_wconf 90' lang='grc' dir='ltr'><strong><em>με,</em></strong></span> <span class='ocrx_word' id='word_1_99' title='bbox 776 1569 886 1654; x_wconf 82' lang='grc' dir='ltr'><strong><em>ὥσπερ</em></strong></span> <span class='ocrx_word' id='word_1_100' title='bbox 909 1569 995 1654; x_wconf 81' lang='grc' dir='ltr'><strong><em>ὑμᾶς</em></strong></span> <span class='ocrx_word' id='word_1_101' title='bbox 1017 1569 1055 1634; x_wconf 79' lang='grc' dir='ltr'><strong><em>αλ</em></strong></span> <span class='ocrx_word' id='word_1_102' title='bbox 1075 1569 1163 1654; x_wconf 86' lang='grc' dir='ltr'><strong><em>ἐμαί·</em></strong></span> <span class='ocrx_word' id='word_1_103' title='bbox 1187 1593 1241 1634; x_wconf 92' lang='grc' dir='ltr'><strong><em>κα-</em></strong></span> 
     </span>
     <span class='ocr_line' id='line_1_14' title="bbox 227 1673 1273 1761; baseline -0.005 -20"><span class='ocrx_word' id='word_1_104' title='bbox 227 1677 290 1758; x_wconf 82' lang='grc' dir='ltr'><strong><em>ληυ</em></strong></span> <span class='ocrx_word' id='word_1_105' title='bbox 316 1697 354 1758; x_wconf 90' lang='grc' dir='ltr'><strong><em>γε</em></strong></span> <span class='ocrx_word' id='word_1_106' title='bbox 381 1673 484 1753; x_wconf 82' lang='grc' dir='ltr'><strong><em>δόξαν</em></strong></span> <span class='ocrx_word' id='word_1_107' title='bbox 511 1680 596 1740; x_wconf 82' lang='grc' dir='ltr'><strong><em>οίσει</em></strong></span> <span class='ocrx_word' id='word_1_108' title='bbox 625 1698 682 1760; x_wconf 90' lang='grc' dir='ltr'><strong><em>μοι</em></strong></span> <span class='ocrx_word' id='word_1_109' title='bbox 704 1677 793 1759; x_wconf 76' lang='grc' dir='ltr'><strong><em>παρὰ</em></strong></span> <span class='ocrx_word' id='word_1_110' title='bbox 816 1685 918 1742; x_wconf 84' lang='grc' dir='ltr'><strong><em>πᾶσιν</em></strong></span> <span class='ocrx_word' id='word_1_111' title='bbox 941 1674 1135 1761; x_wconf 74' lang='grc' dir='ltr'><strong><em>ἀνθρώποις</em></strong></span> <span class='ocrx_word' id='word_1_112' title='bbox 1157 1699 1240 1759; x_wconf 87' lang='grc' dir='ltr'><strong><em>γνο-</em></strong></span> <span class='ocrx_word' id='word_1_113' title='bbox 1268 1725 1273 1736; x_wconf 92' lang='grc'><strong><em>,</em></strong></span> 
     </span>
     <span class='ocr_line' id='line_1_15' title="bbox 227 1777 1242 1866; baseline -0.002 -20"><span class='ocrx_word' id='word_1_114' title='bbox 227 1787 346 1846; x_wconf 78' lang='grc' dir='ltr'><strong><em>σθείσα</em></strong></span> <span class='ocrx_word' id='word_1_115' title='bbox 368 1779 389 1863; x_wconf 78' lang='grc' dir='ltr'><strong><em>ἡ</em></strong></span> <span class='ocrx_word' id='word_1_116' title='bbox 411 1781 688 1866; x_wconf 89' lang='grc' dir='ltr'><strong><em>παλιμπροδοσία.</em></strong></span> <span class='ocrx_word' id='word_1_117' title='bbox 733 1785 785 1859; x_wconf 89' lang='grc' dir='ltr'><strong><em>τίς</em></strong></span> <span class='ocrx_word' id='word_1_118' title='bbox 811 1777 842 1847; x_wconf 89' lang='grc' dir='ltr'><strong><em>δ’</em></strong></span> <span class='ocrx_word' id='word_1_119' title='bbox 871 1781 960 1864; x_wconf 84' lang='grc' dir='ltr'><strong><em>[οὐκ]</em></strong></span> <span class='ocrx_word' id='word_1_120' title='bbox 989 1780 1031 1848; x_wconf 84' lang='grc' dir='ltr'><strong><em>ἀν</em></strong></span> <span class='ocrx_word' id='word_1_121' title='bbox 1059 1777 1242 1847; x_wconf 76' lang='grc' dir='ltr'><strong><em>ἐπαινέσειέ</em></strong></span> 
     </span>
     <span class='ocr_line' id='line_1_16' title="bbox 187 1883 1239 1973; baseline 0 -21"><span class='ocrx_word' id='word_1_122' title='bbox 187 1904 212 1944; x_wconf 85' lang='lat'><strong><em>1⁵</em></strong></span> <span class='ocrx_word' id='word_1_123' title='bbox 226 1907 267 1970; x_wconf 83' lang='grc' dir='ltr'><strong><em>με</em></strong></span> <span class='ocrx_word' id='word_1_124' title='bbox 290 1885 446 1970; x_wconf 87' lang='grc' dir='ltr'><strong><em>ἀκούσας,</em></strong></span> <span class='ocrx_word' id='word_1_125' title='bbox 469 1886 520 1952; x_wconf 85' lang='grc' dir='ltr'><strong><em>ότι</em></strong></span> <span class='ocrx_word' id='word_1_126' title='bbox 541 1889 619 1964; x_wconf 78' lang='grc' dir='ltr'><strong><em>τοὺς</em></strong></span> <span class='ocrx_word' id='word_1_127' title='bbox 641 1883 703 1972; x_wconf 68' lang='grc' dir='ltr'><strong><em>μὲν</em></strong></span> <span class='ocrx_word' id='word_1_128' title='bbox 726 1891 856 1973; x_wconf 89' lang='grc' dir='ltr'><strong><em>φίλους,</em></strong></span> <span class='ocrx_word' id='word_1_129' title='bbox 882 1885 943 1973; x_wconf 84' lang='grc' dir='ltr'><strong><em>ὑφ’</em></strong></span> <span class='ocrx_word' id='word_1_130' title='bbox 970 1883 1018 1954; x_wconf 79' lang='grc' dir='ltr'><strong><em>ὧν</em></strong></span> <span class='ocrx_word' id='word_1_131' title='bbox 1040 1883 1079 1954; x_wconf 81' lang='grc' dir='ltr'><strong><em>εὖ</em></strong></span> <span class='ocrx_word' id='word_1_132' title='bbox 1101 1888 1239 1973; x_wconf 79' lang='grc' dir='ltr'><strong><em>πάσχειν</em></strong></span> 
     </span>
     <span class='ocr_line' id='line_1_17' title="bbox 227 1991 1234 2080; baseline 0.003 -23"><span class='ocrx_word' id='word_1_133' title='bbox 227 2016 283 2076; x_wconf 91' lang='grc' dir='ltr'><strong><em>μοι</em></strong></span> <span class='ocrx_word' id='word_1_134' title='bbox 305 2001 463 2078; x_wconf 80' lang='grc' dir='ltr'><strong><em>προσῆκε,</em></strong></span> <span class='ocrx_word' id='word_1_135' title='bbox 489 1997 668 2078; x_wconf 82' lang='grc' dir='ltr'><strong><em>πολεμίους</em></strong></span> <span class='ocrx_word' id='word_1_136' title='bbox 690 1995 811 2079; x_wconf 82' lang='grc' dir='ltr'><strong><em>εὑρών,</em></strong></span> <span class='ocrx_word' id='word_1_137' title='bbox 838 1997 917 2071; x_wconf 87' lang='grc' dir='ltr'><strong><em>τοὺς</em></strong></span> <span class='ocrx_word' id='word_1_138' title='bbox 939 1993 971 2060; x_wconf 89' lang='grc' dir='ltr'><strong><em>δ’</em></strong></span> <span class='ocrx_word' id='word_1_139' title='bbox 997 1993 1150 2080; x_wconf 76' lang='grc' dir='ltr'><strong><em>ἐχθρούς,</em></strong></span> <span class='ocrx_word' id='word_1_140' title='bbox 1178 1991 1234 2078; x_wconf 83' lang='grc' dir='ltr'><strong><em>ὑφ’</em></strong></span> 
     </span>
     <span class='ocr_line' id='line_1_18' title="bbox 227 2092 1239 2186; baseline 0.002 -24"><span class='ocrx_word' id='word_1_141' title='bbox 227 2092 275 2162; x_wconf 79' lang='grc' dir='ltr'><strong><em>ὧν</em></strong></span> <span class='ocrx_word' id='word_1_142' title='bbox 297 2097 398 2184; x_wconf 76' lang='grc' dir='ltr'><strong><em>ἐχρῆν</em></strong></span> <span class='ocrx_word' id='word_1_143' title='bbox 420 2122 460 2184; x_wconf 90' lang='grc' dir='ltr'><strong><em>με</em></strong></span> <span class='ocrx_word' id='word_1_144' title='bbox 483 2098 702 2184; x_wconf 79' lang='grc' dir='ltr'><strong><em>ἀπολωλέναι,</em></strong></span> <span class='ocrx_word' id='word_1_145' title='bbox 725 2104 858 2185; x_wconf 84' lang='grc' dir='ltr'><strong><em>φίλους,</em></strong></span> <span class='ocrx_word' id='word_1_146' title='bbox 881 2099 955 2166; x_wconf 79' lang='grc' dir='ltr'><strong><em>ἀντὶ</em></strong></span> <span class='ocrx_word' id='word_1_147' title='bbox 973 2110 1034 2167; x_wconf 87' lang='grc' dir='ltr'><strong><em>τοῦ</em></strong></span> <span class='ocrx_word' id='word_1_148' title='bbox 1051 2111 1162 2186; x_wconf 76' lang='grc' dir='ltr'><strong><em>μισεῖν</em></strong></span> <span class='ocrx_word' id='word_1_149' title='bbox 1180 2097 1239 2186; x_wconf 73' lang='grc' dir='ltr'><strong><em>μὲν</em></strong></span> 
     </span>
     <span class='ocr_line' id='line_1_19' title="bbox 226 2202 1237 2292; baseline 0.003 -25"><span class='ocrx_word' id='word_1_150' title='bbox 226 2205 266 2267; x_wconf 86' lang='grc' dir='ltr'><strong><em>τδ</em></strong></span> <span class='ocrx_word' id='word_1_151' title='bbox 298 2213 476 2290; x_wconf 85' lang='grc' dir='ltr'><strong><em>μισοῦντα,</em></strong></span> <span class='ocrx_word' id='word_1_152' title='bbox 507 2211 619 2290; x_wconf 83' lang='grc' dir='ltr'><strong><em>φιλεῖν</em></strong></span> <span class='ocrx_word' id='word_1_153' title='bbox 652 2202 689 2272; x_wconf 71' lang='grc' dir='ltr'><strong><em>δὲ</em></strong></span> <span class='ocrx_word' id='word_1_154' title='bbox 718 2207 759 2272; x_wconf 84' lang='grc' dir='ltr'><strong><em>τά</em></strong></span> <span class='ocrx_word' id='word_1_155' title='bbox 785 2211 965 2292; x_wconf 86' lang='grc' dir='ltr'><strong><em>φιλοῦντα,</em></strong></span> <span class='ocrx_word' id='word_1_156' title='bbox 996 2209 1058 2292; x_wconf 79' lang='grc' dir='ltr'><strong><em>την</em></strong></span> <span class='ocrx_word' id='word_1_157' title='bbox 1085 2205 1237 2272; x_wconf 76' lang='grc' dir='ltr'><strong><em>ἐναντίαν</em></strong></span> 
     </span>
     <span class='ocr_line' id='line_1_20' title="bbox 228 2309 500 2396; baseline 0.018 -23"><span class='ocrx_word' id='word_1_158' title='bbox 228 2309 365 2394; x_wconf 83' lang='grc' dir='ltr'><strong><em>γνώμην</em></strong></span> <span class='ocrx_word' id='word_1_159' title='bbox 388 2313 500 2396; x_wconf 78' lang='grc' dir='ltr'><strong><em>ἔσχον;</em></strong></span> 
     </span>
     <span class='ocr_line' id='line_1_21' title="bbox 186 2412 1236 2504; baseline 0.013 -33"><span class='ocrx_word' id='word_1_160' title='bbox 186 2431 213 2471; x_wconf 81' lang='grc' dir='ltr'><strong><em>εο</em></strong></span> <span class='ocrx_word' id='word_1_161' title='bbox 292 2412 446 2479; x_wconf 87' lang='lat' dir='ltr'>XXXIII.</span> <span class='ocrx_word' id='word_1_162' title='bbox 474 2414 544 2482; x_wconf 75' lang='grc' dir='ltr'><strong><em>Ἴθι</em></strong></span> <span class='ocrx_word' id='word_1_163' title='bbox 567 2418 608 2500; x_wconf 82' lang='grc' dir='ltr'><strong><em>δη</em></strong></span> <span class='ocrx_word' id='word_1_164' title='bbox 633 2420 747 2483; x_wconf 89' lang='grc' dir='ltr'><strong><em>σκόπει</em></strong></span> <span class='ocrx_word' id='word_1_165' title='bbox 769 2415 825 2482; x_wconf 85' lang='grc' dir='ltr'><strong><em>καὶ</em></strong></span> <span class='ocrx_word' id='word_1_166' title='bbox 851 2419 892 2482; x_wconf 81' lang='grc' dir='ltr'><strong><em>τά</em></strong></span> <span class='ocrx_word' id='word_1_167' title='bbox 918 2419 1006 2504; x_wconf 75' lang='grc' dir='ltr'><strong><em>παρὰ</em></strong></span> <span class='ocrx_word' id='word_1_168' title='bbox 1028 2425 1137 2504; x_wconf 75' lang='grc' dir='ltr'><strong><em>θεῶν,</em></strong></span> <span class='ocrx_word' id='word_1_169' title='bbox 1164 2423 1236 2503; x_wconf 81' lang='grc' dir='ltr'><strong><em>Μη·</em></strong></span> 
     </span>
     <span class='ocr_line' id='line_1_22' title="bbox 226 2511 1237 2611; baseline 0.007 -28"><span class='ocrx_word' id='word_1_170' title='bbox 226 2518 335 2604; x_wconf 86' lang='grc' dir='ltr'><strong><em>υόκιε,</em></strong></span> <span class='ocrx_word' id='word_1_171' title='bbox 365 2512 419 2586; x_wconf 82' lang='grc' dir='ltr'><strong><em>οἷά</em></strong></span> <span class='ocrx_word' id='word_1_172' title='bbox 447 2545 504 2606; x_wconf 93' lang='grc' dir='ltr'><strong><em>μοι</em></strong></span> <span class='ocrx_word' id='word_1_173' title='bbox 534 2531 598 2588; x_wconf 83' lang='grc' dir='ltr'><strong><em>νῦν</em></strong></span> <span class='ocrx_word' id='word_1_174' title='bbox 627 2520 655 2588; x_wconf 90' lang='grc' dir='ltr'><strong><em>τ’</em></strong></span> <span class='ocrx_word' id='word_1_175' title='bbox 683 2511 865 2607; x_wconf 75' lang='grc' dir='ltr'><strong><em>ἀπήντηται</em></strong></span> <span class='ocrx_word' id='word_1_176' title='bbox 894 2529 964 2610; x_wconf 88' lang='grc' dir='ltr'><strong><em>καί,</em></strong></span> <span class='ocrx_word' id='word_1_177' title='bbox 993 2524 1053 2590; x_wconf 76' lang='grc' dir='ltr'><strong><em>ἐὰν</em></strong></span> <span class='ocrx_word' id='word_1_178' title='bbox 1083 2526 1150 2611; x_wconf 83' lang='grc' dir='ltr'><strong><em>ἀρα</em></strong></span> <span class='ocrx_word' id='word_1_179' title='bbox 1171 2547 1237 2592; x_wconf 85' lang='grc' dir='ltr'><strong><em>πει-</em></strong></span> 
     </span>
    </p>
   </div>
   <div class='ocr_carea' id='block_1_3' title="bbox 186 2623 1290 3140">
    <p class='ocr_par' dir='ltr' id='par_1_3' title="bbox 186 2623 1290 3140">
     <span class='ocr_line' id='line_1_23' title="bbox 226 2623 1236 2716; baseline 0.007 -25"><span class='ocrx_word' id='word_1_180' title='bbox 226 2624 320 2704; x_wconf 76' lang='grc' dir='ltr'><strong><em>σθείς</em></strong></span> <span class='ocrx_word' id='word_1_181' title='bbox 341 2625 423 2710; x_wconf 79' lang='grc' dir='ltr'><strong><em>ὑμῖν</em></strong></span> <span class='ocrx_word' id='word_1_182' title='bbox 444 2629 559 2713; x_wconf 80' lang='grc' dir='ltr'><strong><em>προδῶ</em></strong></span> <span class='ocrx_word' id='word_1_183' title='bbox 582 2629 643 2712; x_wconf 81' lang='grc' dir='ltr'><strong><em>την</em></strong></span> <span class='ocrx_word' id='word_1_184' title='bbox 665 2631 795 2696; x_wconf 81' lang='grc' dir='ltr'><strong><em>τούτων</em></strong></span> <span class='ocrx_word' id='word_1_185' title='bbox 816 2633 940 2716; x_wconf 85' lang='grc' dir='ltr'><strong><em>πίστιν,</em></strong></span> <span class='ocrx_word' id='word_1_186' title='bbox 962 2623 1017 2697; x_wconf 84' lang='grc' dir='ltr'><strong><em>οἷα</em></strong></span> <span class='ocrx_word' id='word_1_187' title='bbox 1039 2633 1098 2698; x_wconf 85' lang='grc' dir='ltr'><strong><em>τὸν</em></strong></span> <span class='ocrx_word' id='word_1_188' title='bbox 1120 2635 1236 2698; x_wconf 86' lang='grc' dir='ltr'><strong><em>λοιπὸν</em></strong></span> 
     </span>
     <span class='ocr_line' id='line_1_24' title="bbox 225 2731 1237 2823; baseline 0.005 -26"><span class='ocrx_word' id='word_1_189' title='bbox 225 2731 364 2819; x_wconf 80' lang='grc' dir='ltr'><strong><em>ὑπάρξει</em></strong></span> <span class='ocrx_word' id='word_1_190' title='bbox 386 2755 443 2817; x_wconf 91' lang='grc' dir='ltr'><strong><em>μοι</em></strong></span> <span class='ocrx_word' id='word_1_191' title='bbox 465 2737 551 2818; x_wconf 80' lang='grc' dir='ltr'><strong><em>βίον.</em></strong></span> <span class='ocrx_word' id='word_1_192' title='bbox 595 2745 660 2800; x_wconf 84' lang='grc' dir='ltr'><strong><em>νῦν</em></strong></span> <span class='ocrx_word' id='word_1_193' title='bbox 683 2733 745 2819; x_wconf 82' lang='grc' dir='ltr'><strong><em>μέν</em></strong></span> <span class='ocrx_word' id='word_1_194' title='bbox 767 2758 804 2818; x_wconf 91' lang='grc' dir='ltr'><strong><em>γε</em></strong></span> <span class='ocrx_word' id='word_1_195' title='bbox 827 2735 934 2818; x_wconf 88' lang='grc' dir='ltr'><strong><em>πάσης</em></strong></span> <span class='ocrx_word' id='word_1_196' title='bbox 956 2735 1113 2823; x_wconf 81' lang='grc' dir='ltr'><strong><em>πράξεως,</em></strong></span> <span class='ocrx_word' id='word_1_197' title='bbox 1136 2733 1176 2822; x_wconf 75' lang='grc' dir='ltr'><strong><em>ἧς</em></strong></span> <span class='ocrx_word' id='word_1_198' title='bbox 1198 2739 1237 2804; x_wconf 87' lang='grc' dir='ltr'><strong><em>ἀν</em></strong></span> 
     </span>
     <span class='ocr_line' id='line_1_25' title="bbox 225 2836 1237 2930; baseline 0.007 -27"><span class='ocrx_word' id='word_1_199' title='bbox 225 2839 359 2923; x_wconf 77' lang='grc' dir='ltr'><strong><em>ἅψωμαι</em></strong></span> <span class='ocrx_word' id='word_1_200' title='bbox 381 2836 459 2903; x_wconf 75' lang='grc' dir='ltr'><strong><em>καθ’</em></strong></span> <span class='ocrx_word' id='word_1_201' title='bbox 486 2839 592 2925; x_wconf 82' lang='grc' dir='ltr'><strong><em>ὑμῶν,</em></strong></span> <span class='ocrx_word' id='word_1_202' title='bbox 616 2843 891 2926; x_wconf 83' lang='grc' dir='ltr'><strong><em>συλλαμβάνουσί</em></strong></span> <span class='ocrx_word' id='word_1_203' title='bbox 909 2867 977 2928; x_wconf 90' lang='grc' dir='ltr'><strong><em>μοι,</em></strong></span> <span class='ocrx_word' id='word_1_204' title='bbox 1004 2841 1060 2908; x_wconf 81' lang='grc' dir='ltr'><strong><em>καί</em></strong></span> <span class='ocrx_word' id='word_1_205' title='bbox 1083 2843 1237 2930; x_wconf 81' lang='grc' dir='ltr'><strong><em>οὐδεμιᾶς</em></strong></span> 
     </span>
     <span class='ocr_line' id='line_1_26' title="bbox 186 2922 1290 3038; baseline -0.002 -28"><span class='ocrx_word' id='word_1_206' title='bbox 186 2922 341 3038; x_wconf 55' lang='grc' dir='ltr'><strong><em>ἔπείρας</em></strong></span> <span class='ocrx_word' id='word_1_207' title='bbox 367 2943 593 3031; x_wconf 83' lang='grc' dir='ltr'><strong><em>ἀποτυγχάνω.</em></strong></span> <span class='ocrx_word' id='word_1_208' title='bbox 638 2944 694 3011; x_wconf 80' lang='grc' dir='ltr'><strong><em>καὶ</em></strong></span> <span class='ocrx_word' id='word_1_209' title='bbox 720 2955 818 3012; x_wconf 83' lang='grc' dir='ltr'><strong><em>τοῦτο</em></strong></span> <span class='ocrx_word' id='word_1_210' title='bbox 845 2951 987 3031; x_wconf 89' lang='grc' dir='ltr'><strong><em>πηλίκον</em></strong></span> <span class='ocrx_word' id='word_1_211' title='bbox 1016 2955 1130 3015; x_wconf 78' lang='grc' dir='ltr'><strong><em>οίεσδε</em></strong></span> <span class='ocrx_word' id='word_1_212' title='bbox 1153 2945 1290 3016; x_wconf 76' lang='grc' dir='ltr'><strong><em>εἷναιισιι</em></strong></span> 
     </span>
     <span class='ocr_line' id='line_1_27' title="bbox 225 3051 1236 3140; baseline 0.006 -24"><span class='ocrx_word' id='word_1_213' title='bbox 225 3054 402 3140; x_wconf 71' lang='grc' dir='ltr'><strong><em>τεκμήριον</em></strong></span> <span class='ocrx_word' id='word_1_214' title='bbox 424 3051 594 3137; x_wconf 83' lang='grc' dir='ltr'><strong><em>εὐσεβείας</em></strong></span> <span class='ocrx_word' id='word_1_215' title='bbox 615 3061 673 3136; x_wconf 82' lang='grc' dir='ltr'><strong><em>τῆς</em></strong></span> <span class='ocrx_word' id='word_1_216' title='bbox 695 3052 789 3138; x_wconf 68' lang='grc' dir='ltr'><strong><em>ἐμηςγ</em></strong></span> <span class='ocrx_word' id='word_1_217' title='bbox 812 3056 845 3118; x_wconf 86' lang='grc' dir='ltr'><strong><em>εί</em></strong></span> <span class='ocrx_word' id='word_1_218' title='bbox 861 3055 924 3140; x_wconf 83' lang='grc' dir='ltr'><strong><em>γάρ</em></strong></span> <span class='ocrx_word' id='word_1_219' title='bbox 942 3055 985 3138; x_wconf 81' lang='grc' dir='ltr'><strong><em>δη</em></strong></span> <span class='ocrx_word' id='word_1_220' title='bbox 1003 3057 1085 3120; x_wconf 91' lang='grc' dir='ltr'><strong><em>κατδι</em></strong></span> <span class='ocrx_word' id='word_1_221' title='bbox 1102 3065 1160 3140; x_wconf 80' lang='grc' dir='ltr'><strong><em>τῆς</em></strong></span> <span class='ocrx_word' id='word_1_222' title='bbox 1178 3078 1236 3122; x_wconf 76' lang='grc' dir='ltr'><strong><em>πα·</em></strong></span> 
     </span>
    </p>
   </div>
   <div class='ocr_carea' id='block_1_4' title="bbox 298 3277 1235 3354">
    <p class='ocr_par' dir='ltr' id='par_1_4' title="bbox 298 3277 1235 3354">
     <span class='ocr_line' id='line_1_28' title="bbox 298 3277 1235 3354; baseline 0.007 -23"><span class='ocrx_word' id='word_1_223' title='bbox 298 3282 330 3332; x_wconf 80' lang='lat'><strong><em>12</em></strong></span> <span class='ocrx_word' id='word_1_224' title='bbox 367 3277 528 3349; x_wconf 80' lang='grc' dir='ltr'><strong><em>άριτε.ςΒ</em></strong></span> <span class='ocrx_word' id='word_1_225' title='bbox 583 3284 618 3334; x_wconf 84' lang='grc'><strong><em>14</em></strong></span> <span class='ocrx_word' id='word_1_226' title='bbox 635 3279 721 3336; x_wconf 86' lang='grc' dir='ltr'><strong><em>πάλιν</em></strong></span> <span class='ocrx_word' id='word_1_227' title='bbox 739 3283 879 3352; x_wconf 84' lang='grc' dir='ltr'><strong><em>προδοσία</em></strong></span> <span class='ocrx_word' id='word_1_228' title='bbox 897 3280 919 3336; x_wconf 91' lang='grc' dir='ltr'>Ο</span> <span class='ocrx_word' id='word_1_229' title='bbox 939 3295 1008 3336; x_wconf 85' lang='lat' dir='ltr'>corr.</span> <span class='ocrx_word' id='word_1_230' title='bbox 1029 3282 1152 3354; x_wconf 80' lang='lat' dir='ltr'>Sylburg</span> <span class='ocrx_word' id='word_1_231' title='bbox 1187 3285 1235 3340; x_wconf 77' lang='grc' dir='ltr'><strong><em>οδι</em></strong></span> 
     </span>
    </p>
   </div>
   <div class='ocr_carea' id='block_1_5' title="bbox 224 3284 1236 3567">
    <p class='ocr_par' dir='ltr' id='par_1_5' title="bbox 224 3284 1236 3567">
     <span class='ocr_line' id='line_1_29' title="bbox 225 3284 1236 3423; baseline 0.006 -21"><span class='ocrx_word' id='word_1_232' title='bbox 225 3345 280 3402; x_wconf 82' lang='lat' dir='ltr'>del.</span> <span class='ocrx_word' id='word_1_233' title='bbox 299 3297 420 3419; x_wconf 65' lang='lat' dir='ltr'>Sleurg</span> <span class='ocrx_word' id='word_1_234' title='bbox 436 3352 441 3421; x_wconf 91' lang='grc' dir='ltr'>Ι</span> <span class='ocrx_word' id='word_1_235' title='bbox 457 3345 605 3421; x_wconf 77' lang='grc' dir='ltr'><strong><em>ἒμπτάσειέ</em></strong></span> <span class='ocrx_word' id='word_1_236' title='bbox 623 3371 671 3422; x_wconf 91' lang='grc' dir='ltr'><strong><em>μοι</em></strong></span> <span class='ocrx_word' id='word_1_237' title='bbox 689 3367 713 3408; x_wconf 85' lang='grc' dir='ltr'><strong><em>α.</em></strong></span> <span class='ocrx_word' id='word_1_238' title='bbox 731 3351 836 3408; x_wconf 72' lang='lat' dir='ltr'>Reieke</span> <span class='ocrx_word' id='word_1_239' title='bbox 855 3348 929 3408; x_wconf 74' lang='grc' dir='ltr'><strong><em>ἐπιτι</em></strong></span> <span class='ocrx_word' id='word_1_240' title='bbox 968 3351 1026 3408; x_wconf 82' lang='grc' dir='ltr'><strong><em>σειέ</em></strong></span> <span class='ocrx_word' id='word_1_241' title='bbox 1039 3370 1088 3423; x_wconf 89' lang='grc' dir='ltr'><strong><em>μοι</em></strong></span> <span class='ocrx_word' id='word_1_242' title='bbox 1106 3371 1129 3410; x_wconf 85' lang='lat' dir='ltr'><strong><em>c.</em></strong></span> <span class='ocrx_word' id='word_1_243' title='bbox 1150 3284 1236 3410; x_wconf 64' lang='lat' dir='ltr'>(Iubet</span> 
     </span>
     <span class='ocr_line' id='line_1_30' title="bbox 225 3417 1233 3496; baseline 0.007 -24"><span class='ocrx_word' id='word_1_244' title='bbox 225 3417 291 3473; x_wconf 80' lang='lat' dir='ltr'>Obs.</span> <span class='ocrx_word' id='word_1_245' title='bbox 310 3437 338 3489; x_wconf 88' lang='lat' dir='ltr'><strong><em>p.</em></strong></span> <span class='ocrx_word' id='word_1_246' title='bbox 353 3424 404 3475; x_wconf 74' lang='lat'><strong><em>1⁰1</em></strong></span> <span class='ocrx_word' id='word_1_247' title='bbox 486 3425 520 3476; x_wconf 79' lang='lat'><strong><em>15</em></strong></span> <span class='ocrx_word' id='word_1_248' title='bbox 563 3423 639 3486; x_wconf 78' lang='grc' dir='ltr'><strong><em>ίλους</em></strong></span> <span class='ocrx_word' id='word_1_249' title='bbox 656 3425 686 3478; x_wconf 78' lang='lat' dir='ltr'><strong><em>et</em></strong></span> <span class='ocrx_word' id='word_1_250' title='bbox 705 3429 738 3479; x_wconf 80' lang='grc'><strong><em>16</em></strong></span> <span class='ocrx_word' id='word_1_251' title='bbox 758 3422 879 3496; x_wconf 71' lang='grc' dir='ltr'><strong><em>ἐχθροὺς</em></strong></span> <span class='ocrx_word' id='word_1_252' title='bbox 896 3423 951 3479; x_wconf 83' lang='lat' dir='ltr'>(Ie.</span> <span class='ocrx_word' id='word_1_253' title='bbox 970 3423 1060 3479; x_wconf 77' lang='lat' dir='ltr'>Cobet</span> <span class='ocrx_word' id='word_1_254' title='bbox 1077 3425 1130 3480; x_wconf 88' lang='lat'>1.1.</span> <span class='ocrx_word' id='word_1_255' title='bbox 1202 3433 1233 3480; x_wconf 78' lang='lat'><strong><em>21</em></strong></span> 
     </span>
     <span class='ocr_line' id='line_1_31' title="bbox 224 3441 1235 3567; baseline 0.005 -22"><span class='ocrx_word' id='word_1_256' title='bbox 224 3489 320 3564; x_wconf 78' lang='grc' dir='ltr'><strong><em>(νῦν)</em></strong></span> <span class='ocrx_word' id='word_1_257' title='bbox 338 3489 362 3543; x_wconf 92' lang='grc' dir='ltr'>Β</span> <span class='ocrx_word' id='word_1_258' title='bbox 425 3497 460 3548; x_wconf 76' lang='grc'><strong><em>26</em></strong></span> <span class='ocrx_word' id='word_1_259' title='bbox 479 3489 516 3546; x_wconf 83' lang='grc' dir='ltr'><strong><em>αδ</em></strong></span> <span class='ocrx_word' id='word_1_260' title='bbox 535 3441 561 3547; x_wconf 61' lang='grc' dir='ltr'>ὅ</span> <span class='ocrx_word' id='word_1_261' title='bbox 578 3493 614 3563; x_wconf 81' lang='grc' dir='ltr'><strong><em>δὴ</em></strong></span> <span class='ocrx_word' id='word_1_262' title='bbox 633 3491 722 3548; x_wconf 76' lang='lat' dir='ltr'>Cobet</span> <span class='ocrx_word' id='word_1_263' title='bbox 740 3493 806 3551; x_wconf 80' lang='lat' dir='ltr'>Obs.</span> <span class='ocrx_word' id='word_1_264' title='bbox 824 3513 853 3565; x_wconf 87' lang='lat' dir='ltr'><strong><em>p.</em></strong></span> <span class='ocrx_word' id='word_1_265' title='bbox 869 3501 917 3550; x_wconf 89' lang='grc'><strong><em>161</em></strong></span> <span class='ocrx_word' id='word_1_266' title='bbox 938 3492 966 3550; x_wconf 84' lang='grc' dir='ltr'><strong><em>εί</em></strong></span> <span class='ocrx_word' id='word_1_267' title='bbox 981 3495 1035 3567; x_wconf 84' lang='grc' dir='ltr'><strong><em>γὰρ</em></strong></span> <span class='ocrx_word' id='word_1_268' title='bbox 1054 3495 1091 3566; x_wconf 83' lang='grc' dir='ltr'><strong><em>δὴ</em></strong></span> <span class='ocrx_word' id='word_1_269' title='bbox 1109 3495 1146 3550; x_wconf 79' lang='grc' dir='ltr'><strong><em>ἀν</em></strong></span> <span class='ocrx_word' id='word_1_270' title='bbox 1164 3495 1235 3551; x_wconf 91' lang='lat' dir='ltr'>Prou</span> 
     </span>
    </p>
   </div>
   <div class='ocr_carea' id='block_1_6' title="bbox 0 0 1334 3976">
    <p class='ocr_par' dir='ltr' id='par_1_6' title="bbox 0 0 1334 3976">
     <span class='ocr_line' id='line_1_32' title="bbox 0 0 1334 3976; baseline 0 0"><span class='ocrx_word' id='word_1_271' title='bbox 0 0 1334 3976; x_wconf 95' lang='lat' dir='ltr'><strong><em> </em></strong></span> 
     </span>
    </p>
   </div>
  </div>
 </body>
</html>
