2660 3976
187 271 251 336 102
609 275 771 322 -Z-

185 431 479 519 διαριθμουμένων
511 443 578 499 τῶν
609 435 733 517 ψήφων
765 432 806 497 οὐ
836 429 920 517 μέγα
949 433 986 496 τὸ
1017 430 1206 516 διάλλαγμα

185 539 300 626 ἐφάνη.
342 550 418 624 μιᾶς
441 541 504 627 γὰρ
527 538 582 605 καὶ
605 545 709 605 είκοσι
732 541 805 604 τότε
827 543 946 624 φυλῶν
967 538 1091 623 οὐσῶν,
1115 529 1166 614 οἷς
1184 536 1275 622 ἡιιοο

184 655 296 731 υῆφος
319 645 479 730 ἀνεδόθη,
500 646 559 723 τάς
580 643 792 720 ἀπολυούσας
814 644 924 728 φυλάς
945 645 1041 729 ἔσχεν
1065 643 1083 710 ὁ
1107 643 1207 729 Μάρ-

185 776 256 830 κιος
282 750 393 818 ένυέα·
425 748 502 816 ὥστ’
528 753 561 816 εί
583 752 644 816 δύο
668 755 863 835 προσῆλθον
886 749 976 837 αὐτῷ
999 753 1120 836 φυλαί,
1149 750 1276 816 διάιλοι

159 860 249 943 ιτην
272 860 457 942 ἰσοψηφίαν
480 855 650 923 ἀπελέλυτ’
675 857 730 940 ἀν,
753 857 862 942 ὥσπερ
886 856 904 922 ὁ
927 859 1032 941 νόμος
1053 854 1159 941 ηξίου.

251 963 352 1029 LXV.
389 964 483 1049 Αὕτη
512 966 624 1050 πρώτη
651 957 723 1029 κατ’
749 961 873 1050 ἀνδρὸς
899 966 1075 1048 πατρικίου
1102 965 1207 1047 πρόσ-

185 1075 300 1154 κλησις
323 1072 370 1147 είς
392 1072 452 1137 τὸν
476 1072 584 1156 δῆμον
607 1069 737 1154 ἐγένετο
761 1068 815 1136 ἐπὶ
838 1071 924 1156 δίκη.
965 1068 1020 1135 καί
1043 1066 1099 1134 ἀπ’
1123 1068 1208 1134 έκεί-

184 1199 248 1241 νου
285 1185 345 1242 τοῦ
381 1179 506 1263 χρόνου
538 1189 607 1254 τοῖς
638 1176 780 1262 ὕστερον
813 1176 1020 1260 λαμβάνουσι
1051 1176 1114 1258 τὴν
1145 1184 1207 1241 τοῦ

186 1283 294 1366 δήμου
316 1286 521 1369 προστασίαν
545 1285 624 1359 ἔθος
646 1280 783 1366 κατέστη
802 1287 916 1347 καλεῖν
935 1280 995 1359 οὓς
1013 1279 1119 1359 δόξειε
1137 1292 1207 1347 τῶν

145 1417 172 1456 ιο
185 1393 330 1454 πολιτῶν
354 1390 451 1474 δίκην
474 1387 657 1475 ὑφέξοντας
680 1386 732 1452 ἐπὶ
755 1397 815 1453 τοῦ
839 1389 961 1472 δήμου·
984 1386 1040 1453 καί
1063 1386 1206 1452 ἐνθένδε

186 1493 368 1580 ἀρξάμενος
400 1495 417 1561 ὁ
452 1497 556 1579 δῆμος
588 1497 677 1580 ἤρθη
710 1492 825 1578 μέγας,
856 1493 878 1577 ἡ
909 1491 939 1558 δ’
971 1492 1207 1579 ἀριστοκρατία

185 1602 292 1667 πολλά
318 1610 379 1667 τοῦ
407 1601 549 1687 ἀρχαίου
574 1600 757 1686 ἀξιώματος
779 1597 921 1685 ἀπέβαλε
944 1603 1067 1684 βουλῆς
1090 1623 1125 1664 τε
1148 1621 1206 1683 με·

185 1705 292 1792 τέχειν
312 1704 533 1792 ἐπιτρέπουσα
555 1718 624 1784 τοῖς
647 1708 836 1790 δημοτικοῖς
857 1705 913 1771 καί
936 1705 1038 1791 ἀρχάς
1058 1703 1275 1790 μετιέναιιλοε
1319 1729 1320 1732 ’

186 1821 405 1899 συγχωροῦσα
429 1812 528 1898 ίερῶν
550 1835 585 1878 τε
608 1816 808 1897 προστασίας
831 1811 1013 1897 λαμβάνειν
1037 1811 1079 1877 οὐ
1096 1813 1206 1878 κωλύ-
1319 1897 1320 1900 ¹

146 1946 172 1988 ιι
186 1936 270 1985 ουσα
293 1916 348 1985 καὶ
371 1919 433 1984 ὅσα
456 1919 540 1983 άλλα
562 1919 741 2003 τιμιώτατα
762 1913 806 2002 ἦν
828 1915 883 1983 καί
908 1919 977 1985 ίδια
999 1929 1066 1983 τῶν
1089 1941 1205 2004 πατρι-

185 2028 268 2091 κίων
295 2028 409 2110 μόνων
437 2025 539 2090 άπασι
561 2023 807 2109 κοινωσαμένη,
833 2025 873 2088 τὰ
896 2021 957 2110 μέν
980 2021 1036 2089 ὑπ’
1059 2023 1206 2110 ἀνάγκης

185 2155 219 2197 τε
242 2130 297 2197 καὶ
320 2133 459 2215 άκουσα,
481 2132 521 2196 τά
545 2129 575 2196 δ’
599 2130 635 2196 έκ
658 2135 817 2218 προνοίας
838 2129 946 2196 τεκαὶ
965 2134 1097 2216 σοφίας,
1118 2128 1205 2217 ὑπὲρ

149 2232 234 2312 2ὦν
252 2239 334 2303 κατὰ
352 2240 411 2304 τὸν
430 2240 555 2305 οἰκεῖον
572 2239 690 2324 καιρὸν
709 2237 781 2322 ἐρῶ.
814 2248 912 2304 τοῦτο
931 2236 1044 2323 μέντοι
1061 2239 1099 2304 τὸ
1114 2239 1206 2322 ἔθος,

188 2341 286 2426 [λέγω
310 2340 360 2425 δὲ]
384 2347 422 2411 τὸ
445 2350 619 2410 καλεῖσθαι
642 2347 720 2421 τοὺς
743 2343 780 2410 έν
802 2353 841 2430 τῇ
864 2347 959 2410 πόλει
982 2344 1206 2411 δυναστεύον-

146 2477 173 2516 ιο
186 2473 244 2527 τας
267 2447 320 2515 ἐπὶ
344 2452 457 2536 δίκην,
482 2447 521 2536 ἧς
543 2452 562 2518 ὁ
586 2452 690 2536 δῆμος
713 2449 839 2535 έγίνετο
862 2452 993 2536 κύριος,
1014 2451 1140 2526 πολλὰς
1163 2450 1208 2516 άν

186 2557 349 2644 παράσχοι
382 2561 492 2642 λόγων
525 2557 677 2644 ἀφορμάς
704 2568 774 2634 τοϊς
801 2557 948 2623 έπαινετν
975 2557 1058 2623 αὐτὸ
1085 2560 1208 2641 βουλο-

186 2661 300 2748 μένοις
318 2663 339 2748 ἣ
357 2661 480 2747 ψέγειν.
513 2661 631 2731 πολλοὶ
650 2661 712 2748 μέν
730 2664 793 2749 γάρ
811 2666 875 2748 ἤδη
894 2661 990 2729 καλοὶ
1007 2662 1063 2728 καὶ
1081 2661 1208 2746 ἀγαθοὶ
1318 2681 1319 2686 ’

186 2770 307 2856 ἀνδρες
332 2770 394 2836 οὐκ
416 2769 491 2849 ἀξια
513 2780 571 2855 τῆς
592 2769 710 2856 ἀρετῆς
734 2772 878 2854 ἔπαθον,
906 2771 1049 2856 αίσχρῶς
1071 2767 1126 2835 καὶ
1148 2793 1209 2835 κα-
1318 2831 1319 2834 ,

187 2887 253 2952 κῶς
275 2878 333 2954 τάς
354 2879 462 2963 ψυχάς
483 2878 549 2943 ὑπὸ
569 2888 636 2942 τῶν
655 2877 834 2962 δημάρχων
853 2874 1102 2961 ἀφαιρεθέντες·
1125 2882 1208 2942 πολ·

147 3009 174 3051 οι
189 2982 242 3049 λοὶ
274 2981 305 3049 δ’
337 2983 497 3061 αὐθάδεις
523 2980 579 3049 καὶ
606 2982 801 3069 τυραννικοὶ
827 2985 906 3061 τοὺς
932 2986 1076 3068 τρόπους
1102 2986 1206 3066 λόγον
1318 3013 1319 3036 ι

259 3112 275 3159 2
300 3105 335 3159 de
357 3105 483 3159 tribuum
507 3121 622 3159 numero
640 3104 713 3159 falso
734 3121 751 3158 υ
768 3103 904 3174 Dionysio
922 3104 1014 3159 relato
1032 3103 1067 3158 cf.
1087 3103 1207 3159 Momm·

189 3191 286 3229 senum
305 3176 341 3230 de
359 3175 499 3230 Tribubus
517 3193 545 3244 p.
565 3183 581 3230 9
599 3178 630 3230 'et
649 3175 858 3246 Schweglerum
876 3174 950 3231 Hist.
970 3175 1050 3231 Rom.
1067 3175 1092 3228 II
1110 3191 1138 3244 p.
1154 3181 1207 3230 352

188 3253 205 3300 ὅ
228 3245 358 3302 ἀπελύετ’
381 3248 403 3303 Ο
427 3244 572 3301 ἀπελέλυτ’
598 3245 688 3302 Cobet
712 3246 777 3301 Obs.
801 3265 829 3316 p.
851 3253 902 3302 150
975 3255 991 3300 6
1013 3245 1166 3316 πρόκλησις
1185 3245 1208 3300 Ο

188 3332 257 3371 corr.
276 3316 380 3372 Reiske
448 3317 533 3373 λκαλ
551 3317 658 3374 add.B
728 3322 761 3371 10
780 3318 835 3373 δπὸ
856 3317 878 3372 Ο
899 3312 946 3372 έπλ
964 3316 1109 3387 Kiessling
1175 3324 1209 3372 14

188 3387 412 3462 μεταλαμβάνειν
435 3391 458 3443 τ’.
481 3388 626 3459 Kiessling
716 3394 749 3443 19
775 3387 845 3458 λέγω
868 3387 900 3443 δὲ
923 3405 978 3443 om.
1002 3387 1024 3442 Ο
1049 3390 1162 3457 praeter
1184 3389 1208 3442 B

188 3465 223 3515 20
243 3456 350 3530 ἐγένετο
364 3459 425 3514 τότε
440 3459 536 3530 κύριος
553 3459 697 3529 Kiessling
752 3465 785 3514 κδ
804 3465 862 3521 τοῖς
875 3458 989 3530 τρόποις
1003 3459 1026 3514 O
1041 3475 1111 3514 corr.
1122 3459 1208 3514 Gras-

188 3531 290 3602 berger
307 3530 472 3601 Philologus
491 3536 526 3585 28
545 3536 637 3600 (1869)
656 3549 683 3600 p.
704 3537 755 3586 547
