2656 3974
168 200 234 266 330
590 199 761 252 -Θ-

167 365 312 449 κρίνετε,
339 364 372 428 εί
396 359 488 429 ταῦτ’
515 361 777 448 ἀστρατηγησίας
802 359 858 427 καὶ
886 360 1081 447 ἀφροσύνης
1104 363 1187 446 ἔργα

167 473 330 554 νομίζετες
354 473 441 536 πόσα
464 466 495 534 δ’
517 470 745 536 ἄλλατούτου
768 470 994 554 τολμηρότερα
1016 480 1087 546 τοῖς
1109 468 1188 552 ἡγε-

168 579 268 661 μόσιν
286 579 392 642 ἔπεισι
410 576 576 662 πράττειν,
601 577 682 642 ὅταν
699 576 737 640 τὸ
756 571 902 661 ἀσφαλὲς
918 573 975 640 καὶ
993 573 1189 659 λελογισμέ-

128 685 149 748 3
168 707 230 749 νον
252 684 370 767 ἥκιστα
393 685 429 749 ολ
447 680 559 769 καιροὶ
582 679 757 767 δέχωνται;
781 683 817 746 ολ
832 680 894 765 μίν
911 704 949 764 γε
968 681 1027 758 τδς
1045 684 1189 765 σημαίας

140 811 153 852 ι
169 788 374 876 ἁρπάσαντες
395 801 463 854 τῶν
487 786 655 874 σφετέρων
674 791 815 874 ἔρριψαν
834 789 881 865 είς
898 789 977 864 τοὺς
993 789 1187 872 πολεμίους,

167 897 223 961 ἵνα
242 908 312 973 τοῖς
329 896 531 980 βλακεύουσι
548 893 604 960 καὶ
622 892 858 960 ἀποδειλιῶσιν
876 892 912 960 ἐκ
925 903 986 960 τοῦ
1000 893 1186 977 ἀναγκαίου

167 1011 317 1087 παραστῇ
340 1004 378 1068 τὸ
397 1003 545 1087 εὔψυχον
564 999 803 1086 ἐπισταμένοις,
826 1000 878 1066 ὅτι
895 1003 974 1077 τοὺς
990 1001 1036 1084 μὴ
1055 998 1258 1068 ἀναστῶ-1830

168 1125 289 1186 σαντας
311 1109 351 1173 τδ
370 1120 489 1194 σημεῖα
506 1109 572 1174 ὑπὸ
591 1119 659 1174 τῶν
678 1119 870 1194 στρατηγῶν
889 1109 944 1172 δεῖ
960 1111 1023 1173 σὺν
1042 1107 1185 1194 αἰσχύνη

167 1214 366 1282 ἀποθανεῖν·
395 1215 431 1281 ολ
454 1211 487 1280 δ’
510 1217 557 1292 είς
583 1216 735 1299 τὴντῶν
757 1216 926 1299 πολεμίων
949 1213 1062 1300 χώραν
1084 1213 1186 1298 ἐμβα·

128 1346 153 1385 ιο
167 1325 282 1400 λόντες
306 1325 428 1388 ἐλυσαν
451 1323 491 1386 τδι
515 1322 677 1406 ζεύγματα
699 1331 768 1386 τῶν
789 1331 963 1406 ποταμῶν,
990 1320 1050 1397 οὓς
1072 1319 1187 1405 διέβη-

167 1446 248 1513 σαν,
279 1430 336 1494 ίνα
365 1441 435 1505 τοῖς
463 1428 603 1512 φεύγειν
632 1424 889 1512 διανοουμένοις
918 1428 1043 1513 όίπορος
1070 1426 1092 1510 ἡ
1122 1437 1186 1493 τοῦ
1312 1475 1313 1482 1

167 1541 321 1620 σωθῆναι
349 1533 442 1612 ἐλπὶς
467 1546 611 1620 φανεῖσα
637 1534 766 1621 θύρσος
792 1537 984 1620 παραστήσῃ
1006 1531 1062 1598 καὶ
1085 1530 1187 1617 μένος

167 1641 204 1707 ἐν
232 1653 303 1718 ταῖς
330 1642 460 1726 μάχαις·
493 1643 529 1707 ολ
553 1637 591 1706 δὲ
617 1642 675 1717 τὰς
703 1643 826 1725 σκηνὰς
851 1638 970 1706 καὶτὰ
993 1641 1187 1725 σκευοφόρα

165 1749 430 1825 κατακαύσαντες
461 1748 610 1832 ύνοίγκην
643 1745 811 1832 ἐπέθηκαν
842 1757 912 1823 τοῖς
943 1745 1115 1833 σφετέροις
1148 1746 1186 1812 ἐκ
1312 1747 1313 1824 λ

125 1837 224 1951 ἑτης
255 1860 429 1940 πολεμίας,
461 1855 549 1920 ὅσων
582 1852 731 1939 δέονται,
763 1853 955 1939 λαμβάνειν.
1004 1852 1048 1919 ἐῶ
1079 1848 1186 1919 τᾶλλα

166 1966 268 2049 μυρία
296 1965 377 2028 όντα
405 1960 530 2046 λέγειν,
557 1959 612 2027 καὶ
640 1961 703 2027 ὅσα
727 1962 876 2047 τολμηρὰ
899 1964 980 2047 ἔργα
1001 1959 1058 2026 καλ
1081 1959 1185 2027 ἐνθυ-

166 2071 297 2154 μήματα
321 2068 415 2155 ἔτερα
434 2079 627 2155 στρατηγῶν
647 2069 776 2155 ίστορίμ
793 2091 829 2133 τε
846 2065 902 2133 καὶ
920 2070 1019 2155 πείρᾳ
1035 2070 1186 2153 παραλα-

165 2179 283 2261 βόντες
305 2178 434 2260 ἐχομεν,
458 2171 509 2259 ἐφ’
528 2167 579 2251 οἷς
598 2173 711 2252 οὐδεὶς
728 2176 859 2240 πώποτε
877 2185 944 2240 τῶν
962 2173 1185 2254 ψευσθέντων

165 2273 228 2366 τῆς
250 2282 383 2358 ἐλπίδος
409 2279 531 2366 ὑπέσχε
559 2283 661 2359 δίκας.
707 2283 739 2346 εί
764 2283 809 2366 μὴ
837 2282 902 2366 ἄρα
926 2284 991 2366 ἔχει
1013 2303 1064 2357 τις
1086 2282 1185 2365 ὑμῶν

125 2407 152 2448 νο
167 2388 385 2453 αἰτιάσασθαί
427 2411 483 2473 με,
529 2388 581 2453 ὅτι
624 2389 805 2474 προβαλὼν
850 2391 929 2464 τοὺς
971 2389 1095 2465 όίλλους
1136 2390 1185 2466 είς

164 2489 338 2581 προῦπτον
361 2496 523 2581 ὄλεθρον,
550 2495 650 2572 αὐτὸς
672 2494 733 2573 ἔξω
756 2503 817 2559 τού
839 2494 1002 2560 κινδύνου
1025 2495 1064 2559 τὸ
1088 2506 1185 2580 σῶμα

165 2597 265 2688 εἶχον.
311 2603 343 2666 εί
371 2597 409 2666 δὲ
438 2602 519 2685 μετὰ
545 2601 681 2666 πάντων
707 2599 735 2665 ί
764 2599 963 2686 ἐξηταζόμην
989 2599 1045 2666 καλ
1070 2607 1185 2668 τελευ-
1311 2609 1312 2692 χ

165 2721 256 2786 ταῖος
285 2705 539 2792 ἀπηλλαττόμην
567 2706 624 2772 καλ
653 2717 711 2791 τῆς
740 2705 840 2791 αὐτῆς
868 2718 938 2784 τοῖς
967 2708 1082 2784 ἄλλοις
1108 2731 1186 2792 μετ-

165 2827 257 2900 εῖχον
279 2815 390 2899 τύχης,
413 2815 448 2878 τί
467 2811 586 2892 ἀδικῶς
610 2812 666 2879 καὶ
687 2811 764 2899 περὶ
784 2809 846 2898 μὲν
865 2811 948 2896 ἐμοῦ
966 2808 1066 2880 ταῦθ’
1085 2816 1185 2880 ίκανδ

122 2938 149 2980 2⁶
163 2925 322 3009 εἰρήσθω.

229 3025 368 3092 XXXII.
404 3025 490 3113 Περὶ
518 3023 557 3092 δὲ
583 3034 643 3110 τῆς
669 3030 794 3111 βουλῆς
816 3023 871 3092 καὶ
893 3036 961 3091 τῶν
981 3032 1252 3114 ·πατρικίῶν,1831

164 3135 276 3220 ἐπειδὴ
304 3136 342 3201 τὸ
365 3133 482 3199 κοινὸν
504 3131 600 3216 ὑμῶν
622 3143 733 3218 μῖσος,
762 3131 780 3197 ὃ
805 3133 861 3197 διὰ
883 3133 945 3218 τὴν
967 3131 1184 3200 κωλυθεῖσαν

235 3333 251 3380 8
269 3320 360 3394 ἦλθεν
380 3319 426 3379 ἐπὶ
444 3332 514 3379 νοῦν
533 3322 559 3377 A
577 3321 668 3378 ἔπεισι
685 3323 709 3377 Β
767 3321 834 3379 4οί
850 3323 902 3394 μὲν
918 3324 974 3451 χδιρ
993 3325 1019 3378 A
1039 3329 1043 3393 Ι
1065 3329 1185 3397 σημείας

162 3398 216 3452 ΑΒ
280 3395 538 3519 ’ίέμψνχονΑΒει
607 3401 640 3449 16
663 3395 900 3452 καλοιη.Ακαλ

935 3413 971 3450 σοι
989 3396 1039 3451 ιιαλ
1056 3399 1186 3468 τολμηρὰ

164 3469 232 3538 ἔργα
255 3483 309 3522 om.
358 3482 377 3519 a
449 3472 481 3521 17
502 3465 583 3535 ἕτερα
602 3483 656 3521 om,
676 3466 722 3522 Ba
