2674 3978
194 256 237 319 90
619 261 780 308 -z-

62 468 68 478 .
194 419 367 501 δημόταις,
396 415 451 482 καὶ
481 414 586 503 μηδὲν
616 421 698 484 ἐστω
728 420 766 484 τὸ
794 424 925 484 κωλῦον
953 419 1143 505 γράφεσθαι
1172 423 1212 487 τὸ

157 521 436 608 2προβούλευμα.
473 522 603 607 ἐγένετο
627 520 664 589 δέ
686 522 742 590 καὶ
765 537 835 602 τοῖς
856 528 1022 603 πλείστοις
1043 536 1110 592 τῶν
1130 544 1212 592 συν-

192 628 300 716 έδρων
323 629 479 713 ἀσμένοις
501 628 554 694 ἐπὶ
577 631 682 719 τούτῳ
705 628 863 713 γενέσθαι
886 621 1129 719 τῷέγκληματι
1147 635 1211 718 τὴν

192 738 289 821 δίκην
316 730 385 802 κατ’
413 735 598 820 ἀμφότερα,
624 734 681 800 καὶ
708 737 758 803 ότι
786 737 848 803 οὐκ
875 740 966 804 ἐσται
993 739 1031 803 τὸ
1055 737 1165 824 λέγειν
1189 740 1211 805 ἀ
1329 769 1330 774 ’

165 854 312 929 εφρονεῑ
331 866 381 918 τις
403 841 441 907 έν
462 852 533 918 τοῖς
555 841 730 929 συνέδροις
753 843 919 928 ὑπαίτιον,
941 843 996 912 καὶ
1015 845 1066 911 ὅτι
1085 846 1211 934 ῥηιδίως
1329 881 1330 946 3

191 948 391 1016 ἀπολύσεται
426 950 488 1032 την
523 950 684 1034 διαβολὴν
717 950 735 1016 ό
768 949 853 1036 ἀνὴρ
885 954 961 1036 βίον
994 951 1113 1036 ἐζηκὼς
1144 955 1210 1020 σώ-

156 1059 301 1140 3φρονα
333 1053 388 1120 καὶ
425 1053 657 1139 ἀνεπίληπτον.
707 1057 868 1142 γράφεται
903 1060 940 1124 τὸ
972 1059 1210 1144 προβούλευμα

191 1162 271 1246 μετά
293 1159 390 1228 ταῦθ’
413 1157 498 1247 ὑπὲρ
516 1172 574 1247 τῆς
593 1164 698 1247 δίκης,
719 1161 775 1228 καὶ
792 1166 913 1249 χρόνος
930 1166 978 1240 είς
994 1167 1209 1250 παρασκενηυ

191 1276 249 1351 τῆς
271 1265 451 1350 ἀπολογίας
472 1268 614 1353 ὁρίζεται
631 1278 677 1356 τῷ
697 1267 796 1354 ἀνδρί
813 1269 908 1356 μέχρι
926 1279 984 1355 τῆς
1001 1275 1112 1355 τρίτης
1128 1271 1209 1355 ἀγο-

151 1399 179 1437 10
192 1394 263 1456 ρας
288 1371 377 1439 αίδ’
399 1373 540 1461 ἀγοραΓ
538 1379 702 1460 Ρωμαίοις
720 1375 774 1460 ἐγί
771 1400 871 1442 νοντο
890 1378 934 1454 ὡς
952 1375 1069 1443 καδ’
1025 1402 1122 1464 μεχρι
1139 1383 1216 1446 τῶν

189 1479 266 1546 καθ’
292 1479 378 1565 ημᾶς
405 1484 535 1567 χρόνων
564 1479 609 1547 δι’
635 1481 757 1567 ἡμέρας
783 1481 908 1569 ἐνάτης.
953 1483 991 1549 ἐν
1014 1480 1051 1549 δέ
1073 1449 1330 1576 vabtoetg144'13

190 1575 361 1714 συνιόητες
388 1586 425 1653 ἐκ
453 1599 520 1653 τῶν
548 1586 660 1674 ἀγρῶν
687 1590 735 1666 είς
762 1590 823 1718 τηη
849 1592 949 1655 πόλιν
977 1590 1012 1655 οι
1035 1590 1208 1674 δημοτικοί
1329 1615 1330 1644 1

188 1692 246 1768 τάς
272 1689 299 1757 τ’
329 1691 478 1776 ἀμείψεις
505 1692 680 1759 ἐποιοῦντο
710 1704 777 1760 τῶν
805 1694 917 1760 ὠνίων
943 1693 999 1760 καί
1028 1697 1086 1772 τάς
1114 1699 1208 1775 δικας
1329 1693 1330 1698 ’

188 1795 266 1884 παρ’
298 1796 453 1883 ἀλλήλων
485 1799 688 1885 ἐλάμβανον,
720 1801 760 1866 τά
792 1824 827 1866 τε
858 1802 971 1885 κοινά,
1002 1801 1092 1867 ὅσων
1120 1798 1208 1888 ἦσαν
1329 1861 1330 1864 ,

149 1929 175 1968 15
189 1907 300 1992 κύριοι
322 1906 405 1971 κατὰ
427 1907 506 1983 τοὺς
527 1909 651 1991 νόμους
674 1905 729 1972 καὶ
752 1906 814 1972 ὅσα
836 1908 856 1991 ἡ
876 1910 981 1992 βουλη
1001 1907 1207 1996 ἐπιτρέψειεν

190 2012 451 2098 αὐτοῖςψῆφον
476 2011 766 2098 ἀναλαμβάνοντες
788 2012 985 2098 ἐπεκύρουν·
1007 2014 1066 2092 τάς
1089 2012 1127 2081 δὲ
1150 2041 1207 2102 με-

188 2118 268 2196 ταξὺ
295 2129 363 2184 τῶν
391 2117 523 2204 ἀγορῶν
551 2117 631 2184 ἑπτά
658 2118 781 2206 ἡμέρας
803 2120 986 2206 αὐτουργοί
1005 2119 1032 2187 τ’
1057 2123 1150 2200 όντες
1173 2125 1210 2189 οί

153 2222 306 2290 4πολλοδ
334 2223 389 2290 καὶ
417 2225 555 2311 πένητες
581 2225 618 2292 ἐν
640 2238 709 2304 τοῖς
732 2226 846 2310 ἀγροῖς
869 2226 1045 2315 διέτριβον.
1092 2229 1206 2314 ἐπειδὴ
1329 2273 1330 2280 2

104 2409 105 2418 ρ
189 2326 226 2394 δὲ
253 2334 290 2398 τὸ
318 2335 553 2418 προβούλευμα
576 2336 698 2418 ἔλαβον
720 2335 756 2399 os
776 2336 954 2421 δήμαρχοι,
981 2339 1215 2422 προελθόντες·

147 2462 174 2502 ιο
188 2439 235 2514 εἰς
263 2439 324 2522 την
348 2438 474 2526 ἀγορὰν
498 2441 722 2506 συνεκάλεσαν
744 2442 792 2518 είς
813 2440 990 2526 ἐκκλησίαν
1012 2444 1072 2509 τὸν
1096 2444 1205 2528 δῆμον
1329 2487 1330 2490 =

187 2542 242 2610 καὶ
265 2547 371 2612 πολλά
396 2545 540 2630 ἐγκώμια
562 2555 619 2630 τῆς
641 2550 765 2630 βουλῆς
783 2548 974 2624 διελθόντες
992 2546 1048 2613 καὶ
1065 2549 1105 2613 τά
1125 2551 1204 2634 δόγ-

187 2675 271 2736 ματα
304 2650 403 2735 αύτης
435 2650 635 2734 ἀναγνόντες
666 2663 826 2737 προεῖπον
852 2652 995 2741 ἡμέραν,
1027 2653 1065 2720 ἐν
1091 2648 1114 2742 ᾖ
1141 2657 1205 2741 την
1329 2659 1330 2664 ’

186 2759 284 2842 δίκην
307 2759 446 2843 ἔμελλον
469 2757 646 2841 ἐπιτελεῖν,
673 2760 721 2834 είς
742 2758 785 2841 ἣν
808 2759 949 2837 ἅπαντες
970 2759 1087 2844 ἠξίουν
1110 2762 1205 2845 ἥκειν
1329 2783 1330 2786 ’

184 2866 263 2941 τοὺς
289 2865 425 2941 πολίτας
451 2863 496 2939 ὡς
518 2860 601 2949 ὑπὲρ
625 2875 693 2928 τῶν
715 2869 878 2948 μεγίστων
902 2867 1203 2952 διαγνωσομένους.

145 2994 171 3035 ετ
251 2969 389 3035 LVIIII.
413 2966 469 3047 Ὡς
492 2965 529 3035 δὲ
552 2971 713 3055 διεβοήθη
736 2980 850 3056 ταῦτα,
872 2974 978 3057 πολλὴ
999 2975 1128 3059 σπουδὴ
1147 2974 1273 3042 καὶι448
1329 2971 1330 3044 3

186 3074 364 3157 παράταξις
392 3075 518 3158 ἐγένετο
545 3086 612 3141 τῶν
640 3100 674 3142 τε
702 3078 889 3160 δημοτικῶν
917 3081 972 3143 καὶ
997 3091 1065 3146 τῶν
1087 3102 1204 3169 πατρι-
1329 3089 1330 3096 ’

185 3187 280 3246 κίων·
308 3193 376 3247 τῶν
404 3179 465 3266 μὲν
489 3183 533 3258 ὡς
555 3181 834 3268 τιμωρησομένων
856 3186 915 3250 τὸν
939 3184 1204 3273 αὐθαδέστατον,
1329 3275 1330 3282 3

258 3368 401 3441 όέζηκὼς
421 3374 525 3442 ACmg
549 3368 651 3443 ε’ζηλωκ
653 3375 730 3436 ὼςΒ
804 3382 836 3430 12
855 3377 948 3446 ἀγορω
949 3397 966 3431 ν
986 3377 1062 3432 ABa
1079 3379 1185 3448 ἀγ.ω
1145 3401 1185 3450 ρω
1187 3402 1203 3436 ν
1329 3441 1330 3452 2

185 3445 439 3584 {Egelmgmoe
368 3443 439 3498 ὀκτὼ
461 3443 614 3515 ἡμέραςο
638 3446 786 3500 Casaubon
787 3464 820 3500 us
897 3454 929 3502 21
960 3449 1125 3515 διεξελθόντ
1110 3469 1203 3514 τρες
