2656 3974
178 194 245 259 φο
602 224 636 232 --
673 193 698 246 Θ
736 223 768 232 -

180 355 209 424 δ’
228 355 350 434 αὐτοὺς
367 355 535 440 εὐτρεπεῖς
553 357 651 431 ὄντας
669 355 706 420 οί
721 351 889 440 Τυρρηνοὶ
906 355 990 440 πρὸς
1006 355 1067 420 τὸν
1080 351 1198 437 ἀγῶνα

180 464 311 549 σφόδρα
333 461 509 548 ἐχάρησαν,
532 461 577 538 ὡς
599 459 650 527 ένὶ
672 470 718 549 τῷ
742 463 816 526 τότε
838 461 987 550 κινδύνῳ
1009 461 1092 526 κατὰ
1109 469 1198 526 νοῦν

178 571 367 657 χωρήσαντι
394 570 456 654 την
472 566 643 653 Ῥωμαίων
669 572 891 646 καθελοῦντες
912 566 1034 655 άρχήν,
1060 568 1198 652 εἰδότες,

181 677 231 742 ὅτι
254 686 337 761 πᾶν,
365 675 447 742 ὅσον
470 670 513 760 ην
535 676 711 761 κράτιστον
735 676 970 760 στρατιωτικὸν
994 673 1121 758 αὐτῶν,
1148 675 1199 751 είς

154 785 240 850 στὸν
267 782 380 867 ἀγῶνα
408 781 538 849 ἐκείνου
566 783 714 869 ώρμητο,
740 780 798 848 καὶ
824 779 868 848 δι’
896 781 1030 858 ἐλπίδος
1054 782 1198 866 ἔχοντες,

181 889 218 955 έν
244 883 266 975 ᾗ
293 891 381 956 πολὺ
407 886 445 954 τὸ
473 897 603 974 κοῦφον
629 885 688 974 ἦν,
721 889 844 976 ῥᾳδίως
870 887 981 954 αὐτῶν
1007 890 1278 976 κρατησειν,1814

181 994 295 1080 ἐπειδὴ
331 995 393 1079 τὴν
429 997 509 1081 μετὰ
540 999 718 1080 Μενηνίου
750 997 895 1081 δύναμιν
927 993 965 1061 ἐν
997 995 1198 1080 δυσχωρίαις

182 1099 458 1189 παραταξαμένην
476 1107 593 1188 σφίσιν
612 1102 778 1188 ἐνίκησαν.
811 1099 993 1188 γενομένης
1010 1097 1041 1166 δ’
1060 1103 1199 1186 ἰσχυρᾶς

181 1206 237 1275 καὶ
254 1212 479 1296 πολυχρονίου
499 1211 604 1296 μάχης
620 1213 765 1287 πολλοὺς
784 1205 845 1295 μὲν
862 1210 1111 1286 ἀποκτείναντες
1120 1205 1198 1273 Ῥω-

143 1333 169 1373 1⁰
182 1321 305 1402 μαίων,
331 1321 444 1404 πολλῷ
471 1314 501 1382 δ’
529 1319 577 1382 ἔτι
603 1320 759 1396 πλείονας
785 1327 853 1383 τών
880 1313 1049 1403 σφετέρων
1072 1314 1199 1399 ἀποβα-

146 1423 296 1502 4λδντες
324 1423 514 1510 ἀνεχώρουν
537 1425 644 1511 βάδην
668 1421 722 1491 ἐπὶ
743 1422 805 1489 τὸν
827 1424 962 1510 χάρακα.
1007 1423 1026 1489 ὁ
1050 1418 1111 1507 μὲν
1134 1417 1200 1488 οὖν

184 1529 381 1616 Οὐεργίνιος
402 1530 440 1596 τὸ
465 1530 576 1610 δεξιὸν
599 1528 697 1618 κέρας
714 1533 800 1617 έχων
818 1531 880 1597 οὐκ
898 1536 950 1596 εία
969 1531 1101 1595 διώκειν
1119 1531 1202 1606 τοὺς

183 1634 372 1723 σφετέρους,
395 1633 467 1702 ἀλλ’
490 1634 544 1703 ἐπὶ
567 1646 612 1724 τῷ
635 1639 867 1725 κατορθώματι
890 1635 1015 1722 μένειν,
1038 1637 1057 1703 δ
1078 1631 1115 1702 δὲ
1134 1640 1200 1700 Σε-

183 1745 331 1828 ρουίλιος
353 1743 372 1810 ὁ
395 1743 592 1829 τεταγμένος
614 1742 668 1810 ἐπὶ
690 1743 836 1831 θατέρου
859 1741 964 1831 κέρως
987 1743 1101 1810 ἐδίωκε
1119 1745 1202 1819 τοὺς
1317 1777 1318 1818 3

144 1864 170 1905 1⁶
183 1847 261 1916 καθ’
293 1847 415 1915 ἑαυτὸν
448 1848 607 1936 ἑπόμενος
638 1852 714 1938 ἄχρι
746 1856 881 1918 πολλοῦ.
928 1851 973 1929 ὡς
1001 1847 1032 1915 δ’
1064 1848 1102 1916 ἐν
1128 1861 1201 1927 τοῖς

183 1957 360 2042 μετεώροις
372 1955 515 2042 ἐγένετο,
532 1957 800 2046 ὑποστρέψαντες
813 1959 849 2025 οί
865 1960 1044 2044 Τυρρηνοί,
1060 1954 1200 2023 καὶτῶν

183 2062 220 2128 ἐκ
251 2073 312 2131 τοῦ
343 2065 486 2151 χάρακος
516 2061 829 2150 ἐπιβοηθησάντων,
862 2062 1049 2131 ἐνσείουσιν
1076 2064 1201 2142 αὐτοῖς.
1316 2109 1317 2124 ,

184 2170 220 2236 οί
235 2167 266 2235 δ’
285 2171 401 2255 ὀλίγον
419 2172 495 2238 τινὰ
513 2168 687 2257 δεξάμενοι
704 2175 827 2259 χρόνον
842 2170 1031 2255 ἐγκλίνουσι
1044 2172 1085 2237 τὰ
1098 2180 1202 2255 νῶτα,
1316 2129 1317 2189 δ

184 2273 240 2340 καὶ
267 2278 349 2342 κατὰ
371 2288 432 2344 τοῦ
455 2281 563 2364 λόφου
586 2280 787 2364 διωκόμενοι
809 2278 973 2365 σποράδες
995 2278 1202 2344 ἀπώλλυντο.

145 2430 173 2470 ,0
186 2383 306 2466 μαθών
329 2379 366 2449 δὲ
386 2385 594 2473 Οὐεργίνιος,
617 2385 654 2452 ἐν
678 2386 765 2465 οἵαις
781 2381 825 2471 ην
843 2387 957 2471 τύχαις
973 2385 995 2469 ἡ
1013 2383 1051 2450 τὸ
1072 2383 1203 2471 άριστε-

186 2488 250 2575 ρδν
272 2489 370 2577 κέρας
391 2489 574 2578 κατέχουσα
597 2493 749 2580 στρατιά,
771 2501 881 2558 πᾶσαν
905 2494 991 2578 ἔχων
1013 2493 1075 2576 τὴν
1099 2491 1204 2557 δύνα-

150 2354 171 2421 5

186 2621 245 2681 μιν
268 2595 305 2663 έν
327 2597 416 2677 τάξει
438 2603 582 2683 πλαγίαν
604 2594 664 2684 ἦγε
689 2601 745 2665 διδ
766 2609 832 2666 τοῦ-
850 2601 950 2686 ὄρους
973 2599 1065 2666 ὁδόν.
1104 2600 1203 2682 γενό-
1314 2593 1315 2661 λ

186 2726 285 2788 μενος
308 2701 345 2770 δὲ
368 2706 451 2770 κατὰ
472 2707 583 2774 νώτου
605 2717 674 2772 τῶν
697 2707 889 2774 διωκόντων
911 2708 991 2784 τοὺς
1010 2701 1204 2791 σφετέρους,

185 2807 284 2895 μέρος
306 2811 367 2895 μέν
390 2833 422 2877 τι
444 2813 546 2900 ταύτῃ
568 2814 756 2880 καταλείπει
777 2821 836 2900 τῆς
854 2821 1008 2899 στρατιᾶς
1025 2811 1278 2889 κωλύσεωςιειε
1313 2839 1314 2898 η

146 2941 172 2983 ετ
186 2915 298 2983 ἕνεκεν
328 2928 397 2984 τῶν
429 2917 466 2986 ἐκ
497 2929 569 2986 τοῦ.
585 2921 728 3007 χάρακος
755 2919 1066 3005 ἐπιβοηθησόντων,
1097 2921 1137 2986 τὸ
1164 2914 1204 2984 δὲ

186 3025 305 3089 λοιπὸν
332 3025 432 3102 αὐτὸς
458 3028 550 3111 άγων
578 3025 753 3115 ἐπεφέρετο
781 3037 851 3105 τοῖς
876 3028 1055 3111 πολεμίοις.
1102 3024 1141 3091 ἐν
1164 3021 1205 3091 δὲ
1312 3061 1313 3104 3

185 3132 291 3220 τούτῳ
322 3130 378 3218 καί
410 3133 446 3198 οί
472 3136 552 3219 μετὰ
581 3144 642 3201 τοῦ
672 3135 874 3222 Σερουιλίου
903 3135 1134 3220 θαρσήσαντες
1161 3140 1204 3217 τῇ
1312 3105 1313 3134 ¹

1311 3325 1312 3371 ι

258 3394 330 3457 λώς
349 3390 380 3450 ἐν
397 3401 435 3470 τῷ
454 3396 557 3453 τότεΒ
627 3403 661 3452 10
679 3394 800 3461 πλέονας
818 3398 865 3452 Βο
929 3402 961 3451 11
982 3395 1075 3470 βάδην
1094 3396 1160 3451 add.
1183 3397 1207 3451 B

187 3469 220 3518 27
240 3466 379 3533 Σερουίου
397 3466 444 3521 Ba

265 3561 268 3566 ’
1310 3550 1311 3609 λ
