2586 3972
540 188 708 237 -H-
1066 186 1129 250 241
1216 131 1229 139 δ’

112 345 246 430 μάτων,
273 343 329 410 καὶ
356 347 406 412 ὅτι
435 345 468 424 έξ
497 346 593 431 ἡμῶν
615 369 702 424 τινες
725 348 766 414 οὐ
790 349 926 426 δικαίως
948 348 1031 414 αὐτὰ
1053 373 1132 431 καρ-

112 460 267 517 ποῦνται.
322 449 381 516 ἐὰν
414 449 451 517 δέ
484 451 738 538 δημοσιωθέντα
771 454 867 520 ἴδωσι
898 451 954 519 καὶ
985 456 1042 532 τδις
1073 451 1127 519 ἀπ’

88 556 228 622 »αὐτῶν
250 559 438 642 προσόδους
463 561 510 637 είς
533 561 573 625 τά
595 561 692 625 κοινά
714 557 770 625 καὶ
793 559 957 644 ἀναγκαῖα
981 561 1133 626 δαπανω-

112 661 229 748 μένας,
257 661 358 730 οὐδδν
381 664 613 750 ὑπολήψονται
636 670 731 751 σφίσι
755 663 927 754 διαφέρειν
949 675 1008 751 τῆς
1029 665 1132 751 γηςῆ

1 815 2 836 ι
112 781 183 836 τῶν
211 769 245 850 ἐξ
273 771 372 857 αὐτῆς
399 783 535 858 καρπῶν
562 769 719 858 μετέχειν.
764 771 808 838 ἐῶ
836 773 900 861 γάρ
928 771 1054 858 λέγειν,
1082 751 1175 866 ὅτι45

1 870 3 888 ’
112 887 183 943 τῶν
207 876 342 964 ἀπόρων
365 877 476 956 ένίους
499 883 627 963 μᾶλλον
646 878 887 965 εὐφραίνουσιν
906 880 943 945 αί
963 878 1134 966 ἀλλότριαι

113 983 240 1069 βλάβαι
261 994 329 1051 τῶν
352 985 448 1050 ίδίων
472 985 652 1070 ὠφελειῶν.
692 985 733 1051 οὐ
756 988 822 1071 μὴν
845 984 994 1071 ἀποχρῆν
1012 982 1042 1070 γ’
1067 992 1134 1052 οῖο-

113 1114 176 1174 μαι
199 1091 328 1157 τούτων
351 1088 507 1177 ἑκάτερον
530 1091 568 1156 έν
589 1099 640 1180 τῷ,
658 1095 846 1178 ψηφίσματι
868 1093 1023 1180 γράφειν,
1051 1091 1135 1158 ἀλλὰ

113 1192 174 1262 καὶ
198 1193 242 1260 δι’
263 1197 366 1281 άλλης
383 1199 474 1274 τινὸς
492 1203 605 1282 οἴομαι
629 1198 702 1264 δεῖν
723 1197 903 1284 θεραπείας
925 1201 1057 1284 μετρίας
1075 1201 1135 1265 τὸν

115 1303 226 1387 δῆμον
245 1303 486 1368 οἰκειώσασθαί
504 1326 539 1368 τε
563 1301 619 1369 καὶ
637 1302 830 1388 ἀναλαβεῖν·
853 1303 896 1388 ἣν
914 1306 995 1388 μετὰ
1014 1307 1134 1390 μικρὸν
1149 1321 1174 1360 1⁰

115 1407 196 1492 έρῶ,
223 1410 285 1493 τὴν
308 1410 418 1475 αἰτίαν
439 1419 574 1497 πρῶτον
596 1410 677 1494 ὑμῖν
705 1408 980 1495 ἀποδειξάμενος,
1008 1415 1136 1494 μᾶλλον

115 1511 156 1580 δέ
178 1516 242 1598 τὴν
265 1513 426 1600 ἀνάγκην,
450 1508 494 1580 δι’
520 1515 563 1599 ἣν
586 1513 762 1582 καὶτοῦτο
785 1513 1063 1603 πρακτέονημῖν.

185 1621 319 1687 LXXV.
349 1619 433 1687 Ἴστε
456 1622 565 1706 δήπου
583 1625 662 1700 τοὺς
680 1622 717 1688 έν
736 1631 775 1708 τῇ
795 1621 950 1712 έκκλησίχι
973 1621 1138 1710 ῥηθέντας

114 1727 184 1794 ὑπὸ
206 1738 268 1795 τοῦ
291 1728 463 1814 δημάρχου
485 1732 618 1814 λόγους,
642 1726 689 1795 ὅτ’
710 1731 808 1817 ἤρετο
831 1741 899 1797 τῶν
923 1730 1058 1796 ὑπάτων
1077 1732 1137 1796 τὸν

115 1833 234 1921 ἕτερον
261 1843 382 1900 τοῦτον
411 1834 627 1921 Οὐεργίνιον,
653 1835 772 1919 ἥντινα
799 1838 937 1922 γνώμην
964 1840 1031 1923 ἔχει
1060 1833 1137 1919 περὶ
1152 1851 1178 1892 1⁵

1 1949 2 2000 ῖ
47 1949 177 2025 ιεθττῆς
208 1944 423 2026 κληρουχίας,
453 1945 576 2030 πότερα
607 1950 677 2027 τρῖς
706 1937 768 2027 μέν
796 1947 946 2020 πολίταις
974 1951 1141 2027 συγχωρεῖ

119 2045 292 2132 διανέμειν
318 2049 359 2113 τδι
387 2049 546 2134 δημόσια,
573 2059 642 2126 τοῖς
670 2044 707 2114 δὲ
736 2049 919 2134 συμμάχοις
946 2048 1008 2114 οὐκ
1035 2046 1090 2135 ἐᾷ,
1117 2046 1138 2131 ἢ

1 2167 2 2250 χ
26 2205 28 2209 .
117 2166 187 2220 τῶν
217 2165 343 2220 κοινῶν
365 2164 432 2219 τῶν
454 2152 625 2240 ἡμετέρων
648 2151 721 2221 οὐδ’
748 2155 829 2240 ἡμῖν
853 2164 1021 2240 συγχωρεῖ
1040 2151 1139 2239 μέρος

120 2259 310 2344 λαγχάνειν.
354 2257 411 2325 καὶ
433 2255 530 2338 οὗτος
553 2261 747 2345 ὡμολόγησε
770 2263 807 2326 τὸ
831 2257 909 2325 καθ’
934 2259 1020 2343 ἡμᾶς
1040 2257 1139 2346 μέρος

121 2365 163 2432 οὐ
186 2365 329 2431 κωλύειν
347 2373 405 2450 τῆς
422 2369 633 2453 κληρουχίας,
656 2365 715 2432 έὰν
734 2365 836 2431 άπασι
859 2374 961 2431 ταῦτα
982 2367 1139 2451 κράτιστα
1152 2383 1179 2424 20

121 2467 208 2538 εἶναι
232 2473 327 2557 δοκῇ·
356 2469 412 2537 καλ
434 2471 455 2555 ἡ
480 2475 688 2561 συγχώρησις
709 2473 769 2556 ἥδε
792 2472 871 2549 τούς
892 2495 928 2536 τε
951 2473 1140 2560 δημάρχους

121 2577 278 2661 ἐποίησεν
306 2578 387 2663 ἡμῖν
415 2581 665 2663 συναγωνιστάς
691 2577 747 2644 καί
773 2581 833 2645 τὸν
864 2580 971 2664 δῆμον
1004 2578 1140 2644 έπιεικέ-

122 2702 251 2769 στερον.
295 2689 333 2750 τί
351 2679 415 2751 οὖν
437 2689 614 2771 μαθόντες,
636 2685 657 2750 δ
675 2688 748 2751 τότε
767 2687 1056 2773 συνεχωρήσαμεν,
1076 2689 1176 2752 νῦν2

121 2791 381 2876 ἀναθησόμεθας
409 2791 430 2876 ἦ
458 2796 493 2858 τί
516 2789 618 2857 πλέον
645 2791 726 2876 ἡμῖν
749 2793 840 2857 ἔσται
863 2791 903 2857 τά
925 2800 1063 2875 γενναῖα
1085 2788 1141 2856 καὶ

1 2895 2 2916 ³
119 2900 163 2964 τά
192 2899 277 2964 καλά
306 2899 529 2982 πολιτεύματα
557 2896 613 2964 καὶ
643 2897 718 2976 άξια
750 2908 808 2983 τῆς
838 2898 1017 2983 ἡγεμονίας
1047 2901 1141 2963 πολι·
1155 2916 1182 2957 τε

121 3001 327 3089 τευομένοις,
358 3002 417 3069 ἐὰν
446 3005 492 3089 μὴ
521 3008 692 3089 πείθωμεν
721 3007 800 3082 τοὺς
829 3001 1070 3090 χρησομένουςς
1101 3003 1143 3069 οὐ

197 3236 213 3286 2
233 3231 265 3286 δὲ
285 3246 338 3287 om.
357 3230 383 3284 A
438 3238 454 3286 8
473 3232 620 3302 γραφλνθ
640 3231 762 3303 γράφειν
776 3230 866 3286 Cobet
880 3230 946 3285 Obs.
962 3249 989 3299 p.
1006 3235 1058 3285 170
1109 3235 1141 3284 15

121 3303 239 3358 τουτονὶ
257 3318 280 3355 c.
300 3301 423 3356 Reudler
440 3301 531 3358 Τίτου.
551 3303 612 3358 crit.
628 3321 656 3372 p.
671 3307 705 3358 58
722 3307 726 3369 Ι
743 3300 803 3372 ἔχοι
821 3301 847 3355 Α
902 3308 936 3356 20
954 3300 1005 3370 τὴν
1025 3305 1143 3428 κληδον-

123 3375 192 3444 χίαν
212 3389 234 3428 υ.
255 3372 377 3442 Sylburg
398 3373 433 3440 Ι*
446 3381 517 3428 πᾶσι
536 3374 558 3429 0
615 3379 649 3428 23
668 3371 849 3435 παθόντεςῦ
868 3374 898 3426 οῖ
915 3389 939 3427 ο.
954 3371 1057 3428 Garrer
1100 3372 1142 3430 bs.

123 3462 154 3514 p.
170 3449 205 3498 19
278 3448 311 3498 25
330 3443 519 3516 πολιτεύματα
539 3444 690 3502 delendum
708 3443 822 3500 videtur

181 3543 283 3584 mom.
297 3543 360 3585 En«.
370 3543 416 3584 111.
442 3555 481 3584 τυ.
494 3545 597 3586 Jmon.
951 3538 984 3588 16
