2674 3978
539 291 701 340 -z-
934 245 937 252 ⁵
1084 289 1124 352 31

111 447 164 514 καὶ
193 452 289 524 έλεον
316 458 375 533 τῆς
402 459 590 536 συμφορᾶς,
622 451 659 515 αί
684 446 721 516 δὲ
748 453 884 528 πλείους
911 451 967 516 διὰ
994 453 1127 536 φθίνον

111 566 166 640 τῆς
193 557 296 622 πάλαι
323 553 402 622 ποτὲ
429 557 589 642 εὐτυχίας.
626 555 680 622 καὶ
708 551 795 640 ήσαν
824 558 859 622 oi
884 555 1128 635 ἀπαναστάντες

112 667 308 751 πανοικεσίᾳ
325 661 378 728 καὶ
398 661 617 747 μεταθέμενοι
629 665 687 741 τὰς
700 665 845 746 οἰκήσεις
860 659 997 749 ἑτέρωσε
1010 663 1129 730 πολλοὶ

111 771 210 836 πάνυ·
235 764 285 835 ὧν
308 770 345 836 oc
364 767 426 854 μέν
449 767 634 854 ἀνέστησαν
657 765 769 854 αὖθις,
792 769 906 854 ἐπειδὴ
929 768 1066 854 κατέστη
1090 771 1130 834 τά

113 877 286 963 πράγματα
308 884 366 960 τῆς
388 879 526 960 πόλεως,
549 877 584 942 οἱ
605 873 642 942 δὲ
665 874 720 942 καὶ
744 875 924 961 διέμειναν.
1156 898 1169 938 ε

175 982 320 1048 XVIIII.
352 986 462 1048 Ταῦτα
489 980 519 1048 δ’
547 984 650 1069 δρῶσι
676 993 747 1061 τοῖς
772 983 910 1060 ὑπάτοις
936 981 1045 1049 ἐδόκει
1074 990 1130 1065 τῆς

114 1094 233 1175 βουλῆς
262 1089 501 1176 ἐπιτρεπούσης
525 1089 749 1180 στρατοπέδου
774 1097 945 1156 ποιεῖσθαι
968 1112 1130 1176 καταγρα·

113 1198 176 1280 φήν
190 1195 247 1262 καὶ
263 1195 394 1280 ἐξάγειν
408 1195 469 1274 ἐξω
483 1196 546 1279 τήν
560 1197 718 1283 δύναμιν·
735 1198 915 1282 εἰλήφεσαν
930 1194 960 1262 δ’
975 1196 1130 1281 ἀφορμήν

115 1312 156 1391 τῷ
178 1302 391 1389 ἐγχειρήματι
413 1301 607 1388 πρέπουσαν
627 1301 806 1388 ἐπιδρομάς
823 1325 858 1368 τε
877 1299 933 1367 καὶ
956 1304 1131 1387 λεηλασίας

114 1407 319 1495 κακουμένης
342 1417 399 1493 τῆς
420 1411 528 1495 χώρας
555 1410 620 1475 ὑπὸ
647 1420 714 1474 τῶν
737 1411 905 1492 πολεμίων
928 1409 1068 1493 θαμινά,
1089 1407 1130 1472 τά
1144 1429 1170 1469 ιο

62 1512 141 1580 ιεοσί
165 1518 262 1600 άλλα,
288 1515 350 1580 ὅσα
374 1515 409 1580 ἐκ
431 1526 492 1582 τοὺ
513 1515 704 1601 πράγματος
725 1516 850 1602 χρηστὰ
873 1510 927 1599 ἦν,
951 1512 1132 1598 ε’πιλογιζο

118 1620 235 1708 μένοις,
266 1622 449 1708 ὑπερορίου
473 1631 626 1707 στρατιᾶς
649 1621 894 1707 ἐκπεμφθείσης
917 1623 962 1698 ὡς
984 1621 1131 1706 εὐπορω-

117 1727 190 1816 τέρα
216 1724 283 1813 μὲν
311 1726 422 1806 ἕξουσι
448 1737 487 1813 τῇ
515 1725 622 1814 ἀγορᾷ
648 1734 794 1813 χρῆσθαι
817 1729 852 1794 οί
872 1725 1132 1812 ὑπολειφθέντες

119 1833 269 1912 ἐλάττους
289 1837 474 1918 γενόμενοι,
497 1832 535 1899 έν
558 1831 809 1919 ἀφθονωτέροις
832 1830 869 1900 δὲ
888 1833 1040 1913 διάξουσι
1063 1842 1132 1910 τοῖς

119 1938 314 2027 ἐπιτηδείοις
344 1941 380 2006 οδ
398 1942 438 2006 τδι
461 1940 546 2006 ὅπλα
570 1942 700 2026 ἔχοντες
722 1940 758 2005 έκ
780 1951 848 2006 τῶν
871 1943 1039 2025 πολεμίων
1063 1937 1132 2005 έπι-
1146 1957 1171 1998 υ

121 2051 328 2133 σιτιζδμενοι,
350 2049 497 2132 λωφήσει
520 2044 552 2112 δ’
580 2046 601 2130 ἡ
621 2046 745 2130 στάσις,
768 2047 849 2114 ὅσον
870 2045 912 2112 δν
935 2046 955 2130 ἡ
981 2049 1132 2132 στρατεία

120 2152 230 2241 αατέχη
245 2158 386 2241 χρόνον·
400 2154 540 2238 μάλιστα
555 2151 584 2218 δ’
600 2153 752 2238 ἐφαίνετο
763 2157 848 2242 ἐργφ
863 2153 1059 2238 βεβαιώσειν
1075 2152 1132 2217 αὐ-

122 2270 182 2324 τῶν
196 2261 253 2338 τὰς
271 2261 453 2343 διαλλαγάς
469 2263 763 2346 συστρατευόντων
782 2257 938 2342 άλλήλοις
951 2262 1133 2344 πατρικίων

121 2362 171 2429 καὶ
188 2368 345 2451 δημοτῶν
357 2366 378 2449 ή
392 2363 598 2450 γενησομένη
617 2367 705 2451 παρὰ
724 2367 802 2442 τοὺς
820 2365 1000 2443 κινδύνους
1022 2377 1132 2432 κακῶν

124 2470 223 2537 τεκαὶ
241 2471 383 2556 ἀγαθῶν
403 2474 579 2560 ἰσομοιρία.
615 2469 688 2538 ἀλλ’
711 2471 773 2538 οὐκ
790 2465 833 2555 ἦν
851 2474 888 2539 τὸ
903 2477 1032 2556 πλῆθος
1050 2456 1173 2571 ὑπή-220

124 2597 196 2643 κοον
228 2579 345 2655 αὐτοῖς
377 2575 449 2643 οὐδ’
482 2578 592 2664 ὥσπερ
621 2581 784 2665 πρότερον
817 2575 971 2645 ἑκούσιον
1003 2579 1133 2663 ὑπήντα

125 2685 198 2768 πρὸς
220 2685 283 2768 τήν
302 2685 529 2771 καταγραφήν·
554 2683 702 2769 άνάγκην
721 2680 758 2749 δὲ
779 2683 982 2772 προσφέρειν
1001 2697 1070 2761 τοϊς
1088 2685 1132 2768 μὴ

126 2789 336 2874 βουλομένοις
350 2790 411 2856 οὑκ
425 2791 594 2857 ἐδικαίουν
608 2791 669 2874 τήν
683 2790 719 2857 ἐκ
732 2802 800 2857 τῶν
817 2795 932 2874 νόμων
950 2790 987 2855 οί
999 2789 1131 2855 ὑπατοι·

126 2891 190 2960 ἀλλ’
217 2895 253 2962 ἐκ
276 2907 346 2962 τῶν
367 2899 550 2983 πατρικίων
574 2895 750 2964 ἐθέλονταί
769 2918 857 2973 τινες
879 2895 1133 2981 κατεγράφησαν

191 3121 397 3196 λάνέστησαν]
418 3119 574 3200 ἐνόστησαν
597 3140 620 3180 ο.
640 3123 729 3179 Cobet
747 3122 812 3178 Obs.
832 3142 859 3193 p.
876 3129 926 3178 139
1036 3130 1052 3177 9
1072 3118 1133 3179 ἐπι-

129 3191 226 3262 δρομδις
239 3226 273 3236 -
288 3197 436 3264 λεηλασίας
451 3197 471 3249 Β
487 3190 694 3276 ἐπιδρομαῖς-
710 3196 870 3264 λεηλασίαις
882 3195 908 3248 R
982 3201 1015 3250 10
1029 3216 1133 3252 κακου-

130 3263 206 3332 μένης
218 3273 267 3335 τής
285 3268 377 3336 χώρας
396 3267 463 3349 εδδ.Ι
474 3266 522 3320 Bb
535 3283 565 3319 m
579 3282 644 3336 mge
662 3264 840 3336 κακουμένην
854 3265 905 3335 τὴν
920 3266 1013 3337 χώραν
1029 3266 1133 3322 Reiske

131 3333 395 3477 ὑιῖἶίῖίέξόὺίω
412 3337 518 3463 3ῗέὑῖ
537 3337 860 3479 ιιιιίῗιῗῗὺοὲῗ”ιῆῗ
877 3337 1133 3479 20323532250355

130 3473 217 3603 1³33ss
267 3486 299 3534 17
319 3471 534 3552 ἐφ<αί>νετοΒ
613 3486 645 3535 18
664 3479 973 3552 συ.στρατευόντοονΒ
1052 3487 1083 3534 19
1103 3498 1132 3532 τε
