2656 3974
553 248 719 301 -Θ-
1078 251 1144 316 335

121 418 183 493 τῆς
200 407 325 494 Ῥώμης
346 405 423 495 περὶ
445 409 560 494 δείλην
584 410 685 488 ὀψίαν
707 409 763 476 καὶ
787 412 905 496 διαβὰς
921 414 982 478 τὸν
1005 411 1141 498 Τέβεριν

54 515 165 584 1837οὐ
194 517 326 602 μακράν
353 513 511 600 ἀποσχὼν
537 525 594 600 τῆς
620 519 747 594 πόλεως
768 518 1142 603 κατεστρατοπέδευσεν·

123 620 224 688 ἔπειτ’
244 621 429 706 ἀναστήσας
447 622 508 705 την
528 625 686 708 στρατιάν
704 622 780 709 περὶ
798 623 900 710 μέσας
918 627 1039 702 νύκτας
1061 622 1142 710 ἦγεν

123 727 162 796 ἐν
191 730 299 815 τάχει,
327 728 383 795 καὶ
412 727 493 815 πρὶν
522 726 649 815 ἡμέραν
676 730 836 814 γενέσθαι
863 731 994 823 θατέρῳ
1022 733 1142 820 χάρακι

121 847 191 901 τῶν
214 839 383 920 πολεμίων
407 835 555 921 ἐπέβαλε.
592 836 655 902 δύο
673 838 737 922 γάρ
756 833 799 921 ἦν
818 839 1022 925 στρατόπεδα
1040 827 1182 940 χυρλςέὲ

13 1003 14 1008 ,
124 938 187 1026 μὲν
214 945 252 1008 τὸ
285 945 483 1030 Τυρρηνῶν,
513 940 655 1028 ἑτέρωθι
683 939 720 1008 δὲ
748 945 785 1010 τὸ
813 949 988 1030 Σαβίνων,
1004 946 1056 1012 ὀὐ
1084 947 1141 1010 διδ

13 1039 14 1052 ἢ
123 1059 254 1134 μακροῦ
272 1048 426 1133 ἀλλήλοιν
444 1047 618 1135 ἀπέχοντα.
650 1051 763 1136 πρώτη
783 1047 821 1116 δέ
839 1053 1061 1139 προσαγαγὼν
1079 1053 1142 1136 τὴν

123 1157 269 1242 δύναμιν
292 1165 331 1242 τῇ
350 1159 511 1241 Σαβίνων
529 1157 777 1244 στρατοπεδεία,
798 1156 1074 1242 καθυπνωμένων
1093 1162 1141 1228 έτι

122 1273 190 1328 τῶν
213 1265 377 1328 πλείστων
399 1259 455 1327 καὶ
479 1261 636 1346 οὐδεμιᾶς
660 1262 762 1345 οὔσης
784 1261 961 1345 ἀξιολόγου
979 1269 1141 1349 φυλακῆς,

122 1360 178 1436 οἷα
206 1368 243 1435 έν
271 1372 368 1456 φιλία
394 1391 429 1434 τε
459 1377 501 1454 γῇ
529 1365 584 1434 καλ
607 1369 689 1434 κατά
712 1368 839 1451 πολλὴν
861 1368 1049 1455 ὑπεροψίαν
1072 1381 1139 1436 τῶν
1154 1399 1180 1438 10

118 1479 291 1560 πολεμίων
324 1476 453 1561 οὐδαμῇ
486 1472 757 1559 ἀγγελλομένων,
789 1472 822 1552 ἐξ
856 1474 982 1559 ἐφόδου
1013 1479 1140 1558 γίνεται

120 1584 243 1666 ταύτης
271 1580 437 1669 ἐγκρατής.
482 1593 549 1648 τῶν
577 1579 609 1646 δ’
634 1580 826 1666 ἀνθρώπων
855 1583 891 1648 ολ
916 1578 978 1667 μέν
1006 1581 1044 1650 έν
1068 1594 1140 1660 ταῖς

118 1691 246 1765 κοίταις
278 1691 326 1754 ἔτι
358 1691 451 1765 όντες
482 1687 756 1772 κατεσφάγησαν,
793 1689 829 1754 οί
858 1686 890 1754 δ’
925 1688 1138 1775 ἀνιστάμενοι

120 1793 243 1880 ἀρτίας
265 1793 320 1861 καὶ
342 1796 383 1860 τδι
402 1795 487 1860 ὅπλα
506 1792 717 1878 ἐνδυόμενοι,
740 1795 776 1860 οί
792 1792 823 1859 δ’
844 1794 1047 1881 ὡπλισμένοι
1066 1795 1139 1881 μέν,

120 1902 286 1989 σποράδες
308 1898 346 1969 δὲ
367 1899 423 1967 καὶ
446 1901 508 1968 οὐκ
531 1899 568 1966 έν
590 1899 680 1980 τάξει
701 1899 916 1985 ἀμυνόμενοι,
941 1904 977 1966 οί
993 1897 1030 1967 δὲ
1048 1907 1137 1967 πλεί
1153 1928 1178 1969 ιι

118 2027 193 2076 στοι
216 2011 397 2094 φεύγοντες
415 2006 468 2073 ε’πὶ
488 2010 546 2073 τὸν
565 2006 678 2093 ἕτερον
697 2008 823 2094 χάρακα
841 2008 907 2074 ὑπὸ
926 2019 992 2074 τῶν
1011 2006 1137 2074 ἱππέων

14 2177 15 2182 ,
117 2119 451 2201 καταλαμβανόμενοι
473 2115 714 2201 διεφθάρησαν.

186 2221 321 2288 XXXV.
362 2225 491 2287 Τοῦτον
518 2217 555 2286 δὲ
582 2223 642 2287 τὸν
669 2223 806 2306 τρόπον
821 2219 960 2298 ἁλόντος
986 2230 1047 2287 τοῦ
1070 2233 1137 2288 τῶν

51 2333 282 2414 1838Σαβίνιον
308 2329 451 2415 χάρακος
478 2323 538 2411 ἦγε
564 2328 626 2411 τὴν
654 2329 798 2411 δύναμιν
826 2326 844 2392 ὁ
874 2324 1057 2413 Οὐαλέριος
1083 2327 1137 2394 έπὶ

118 2438 178 2503 τὸν
201 2435 329 2523 ἕτερον,
351 2438 437 2500 ἔνθα
459 2429 545 2518 ἦσαν
567 2434 604 2499 οί
621 2430 818 2498 Οὐιεντανοὶ
841 2436 966 2519 χωρίον
987 2435 1028 2501 οὐ
1046 2436 1135 2502 πάνυ
1150 2460 1177 2502 ιο

119 2543 242 2630 ἐχυρὸν
264 2544 506 2626 κατειληφότες.
538 2545 658 2606 λαθεῖν
677 2537 739 2624 μὲν
756 2535 819 2606 οὖν
838 2539 949 2606 οὐκέτι
967 2538 1135 2626 ἀνεδέχετο

117 2653 198 2728 τοὺς
227 2652 428 2735 προσιόντας
457 2656 502 2735 τῷ
532 2647 667 2733 χάρακι·
703 2644 809 2731 ἡμέρα
838 2668 872 2711 τε
904 2647 968 2731 γὰρ
998 2642 1041 2730 ἦν
1070 2648 1134 2733 ἤδη

118 2757 270 2842 λαμπρά,
301 2753 356 2820 καὶ
388 2767 455 2820 τῶν
485 2757 645 2837 Σαβίνων
675 2753 711 2818 οί
736 2756 901 2838 φυγόντες
930 2751 1135 2838 ἀπήγγειλαν

116 2873 188 2940 τοίς
215 2866 400 2949 Τυρρηνολς
426 2864 488 2945 τήν
514 2855 550 2925 θ’
578 2859 689 2925 αὑτῶν
717 2861 894 2945 συμφορὰν
918 2858 1058 2944 καλιὴν
1081 2858 1132 2925 ἐπ’

117 2969 267 3046 ἐκείνους
290 2971 416 3035 ἔλασιν·
440 2966 622 3049 ἀναγκαίου
642 2963 672 3031 δ’
690 2961 733 3050 ἦν
751 2965 788 3032 ἐκ
805 2976 867 3033 τοῦ
885 2975 1047 3053 καρτεροῦ
1066 2978 1136 3044 τοῖς
1149 2986 1175 3032 ιο

190 3239 208 3287 4
231 3226 262 3286 έν
275 3231 359 3298 ’τάξει
378 3229 401 3284 Ο
425 3225 456 3286 έν
475 3230 554 3300 τάχει
570 3229 716 3299 Kiessling
810 3237 826 3285 5
849 3229 932 3301 χωρὶς
951 3229 1002 3299 μὲν
1021 3238 1070 3285 τοῦ
1090 3231 1135 3284 Ba

117 3325 142 3374 χ,
162 3324 189 3374 μ,
209 3302 304 3358 τῶνῦ
377 3296 601 3373 θὲτέρωθενΑ
674 3308 706 3354 11
730 3297 881 3372 γίνετ<αι>
900 3300 1026 3370 αότηςΒ
1100 3309 1133 3356 12

117 3375 294 3446 ἀνθρώπων]
314 3374 392 3428 ἀνῶν
410 3377 442 3428 ut
460 3390 545 3442 saepe
563 3373 589 3425 A
659 3377 691 3426 13
711 3371 868 3445 όντ<ες>Β
938 3380 969 3426 15
990 3371 1021 3426 δὲ
1041 3373 1133 3429 om.B

118 3453 152 3500 16
174 3448 268 3500 ἵππιον
287 3444 340 3498 ΑΒ
413 3449 447 3497 23
467 3444 619 3514 φεύγοντες
635 3442 658 3497 Ο
677 3443 815 3512 φυγόντες
833 3442 957 3498 Sintenis
975 3443 1037 3499 Em.
1050 3443 1133 3500 Dion.

117 3517 157 3571 III
177 3524 210 3572 13
283 3521 318 3571 25
337 3515 459 3570 κατὰτὸ
478 3514 615 3585 καρτερὸν
633 3531 657 3570 ο.
676 3514 765 3570 cobet
784 3517 849 3572 obs.
868 3534 895 3585 p.
913 3520 964 3570 180
