2660 3976
173 193 216 258 98
599 195 762 244 -Ζ-

173 352 309 432 αύξεταί
324 377 359 420 τε
377 352 433 420 καὶ
451 353 604 441 τρέφεται
623 356 793 439 τυραννίς·
813 355 861 418 ἔτι
875 351 905 418 δ’
920 352 1024 419 αὐτοῦ
1039 349 1196 436 λέγοντος
1318 317 1319 410 I

174 460 256 526 ὅσον
279 455 340 544 μὲν
362 453 405 542 ήν
428 469 489 526 τοῦ
513 460 696 544 δημοτικοῦ
719 457 841 544 μέρους
864 454 1004 535 ἐπιεικὲς
1025 457 1081 524 καὶ
1098 461 1196 542 φιλύ-

173 582 318 652 χρηστον
345 565 506 632 ἀπολύειν
534 564 614 650 ἐβόα
641 567 701 632 τὸν
728 566 852 649 ἀνδρα,
881 563 937 631 καὶ
964 559 1009 630 δι’
1035 566 1197 651 αἰσχύνης

174 672 370 757 ἐλάμβανεν,
393 674 425 736 εί
445 673 501 737 καί
525 673 622 755 δίκην
644 671 758 757 ὑπεῖχε
780 672 842 755 τήν
864 671 971 758 ἀρχήν
988 670 1064 757 περὶ
1082 671 1196 737 τοιαύ-

147 802 160 844 ι
175 801 232 863 της
250 780 356 854 αἰτίας
373 777 457 864 ἀνήρ
476 778 672 855 τοσαυτάκις
689 777 858 863 ὑπεριδὼν
876 786 934 862 τῆς
953 775 1074 844 ἑαυτοῦ
1087 785 1197 862 ψυχῆς

138 883 271 956 4ἕνειια
293 893 350 968 τῆς
373 882 529 949 ἁπάντων
551 889 709 969 φυλακῆς.
750 884 824 949 ὅσοι
847 882 878 949 δ’
903 879 990 968 ήσαν
1012 884 1113 969 φύσει
1135 882 1196 967 βά-
1319 869 1320 890 ³

174 1007 292 1056 σκανοι
315 988 370 1054 καὶ
393 991 609 1075 μισόχρηστοι
630 987 686 1054 καί
704 991 787 1075 πρὸς
803 999 914 1056 πᾶσαν
932 989 1100 1074 εὐκίνητοι
1119 988 1196 1054 στά-

174 1111 246 1178 σιν,
268 1096 416 1179 ἤχθοντο
439 1090 501 1178 μέν
524 1092 683 1159 ἀπολύειν
706 1095 765 1160 τὸν
788 1094 896 1180 ἀνδρα
918 1092 1110 1179 μέλλοντες,
1133 1094 1196 1161 ούκ

173 1197 265 1286 εἶχον
293 1197 340 1283 δ’,
366 1200 385 1265 ὅ
407 1223 439 1264 τι
463 1198 505 1265 ἀν
529 1201 611 1265 ἀλλο
634 1210 755 1264 ποιῶσι
779 1201 835 1265 διά
857 1202 894 1266 τὸ
917 1201 1083 1285 μηδεμίαν
1106 1201 1196 1286 εὑρέ

135 1331 161 1371 ιο
176 1324 268 1373 σκειν
286 1305 444 1393 ἀφορμήν
461 1307 661 1391 τυραννίδος
679 1303 860 1382 ἐπιθέσεως
873 1305 1093 1392 φαινομένην,
1110 1304 1196 1392 ὑπὲρ

174 1409 212 1498 ής
235 1413 292 1490 τάς
314 1416 448 1499 ψήφους
470 1412 702 1498 ἀνειλήφεσαν.
1320 1451 1321 1470 2

240 1518 361 1584 LXIII.
396 1523 502 1584 Τοῦτο
525 1519 728 1603 καταμαθὼν
751 1518 770 1583 ὁ
793 1516 916 1596 Δέκιος
938 1518 1073 1601 ἐκεῖνος,
1097 1519 1116 1586 δ
1139 1517 1268 1586 καὶεεεο
1320 1517 1321 1524 '

174 1628 252 1702 τοὺς
274 1624 311 1691 έν
334 1634 373 1710 τῇ
396 1629 502 1710 βουλή
525 1624 748 1708 ποιησάμενος
771 1627 892 1708 λόγους
913 1623 968 1690 καὶ
991 1627 1028 1692 τὸ
1048 1628 1197 1711 προβού-

174 1738 279 1816 λευμα
301 1729 377 1817 περὶ
400 1739 457 1814 τῆς
480 1732 574 1816 δίκης
596 1739 765 1816 γραφῆναι
787 1731 1051 1817 παρασκευάσας,
1073 1730 1195 1816 ἀνέστη

63 1902 66 1908 ,
136 1861 161 1902 ιε
175 1836 231 1903 καὶ
254 1838 385 1921 σιωπήν
407 1835 565 1922 γενέσθαι
587 1837 745 1914 κελεύσας
767 1835 889 1915 ἔλεξεν·
913 1835 1063 1924 Ἐπειδή,
1086 1833 1112 1906 ὦ
1137 1840 1197 1924 δη-

175 1948 290 2030 μόται,
315 1955 382 2009 τῶν
407 1942 443 2008 ἐν
465 1951 504 2028 τῇ
527 1947 634 2029 βουλῇ
657 1940 846 2028 λεχθέντων
868 1942 935 2010 ὑπὸ
957 1948 1116 2027 Μαρκίου
1140 1949 1197 2012 λό-
1321 2007 1322 2038 ³

175 2074 262 2134 γαν,
297 2048 353 2115 καὶ
388 2059 457 2114 τῶν
491 2050 547 2114 διά
579 2050 718 2127 τούτους
749 2048 1054 2135 ἀκολουθησάντων
1086 2053 1197 2136 ἔργων

175 2160 296 2241 βιαίαν
324 2179 357 2220 τε
384 2153 440 2221 καὶ
466 2145 691 2242 ὑπερηφάνων
719 2154 925 2222 ἀπολύουσιν
951 2156 1055 2222 αὐτὸν
1077 2157 1114 2222 οί
1134 2178 1197 2222 πα-

176 2266 296 2347 τρίκιοι
314 2261 370 2328 καὶ
384 2259 457 2328 οὐδ’
474 2261 555 2346 ἡμῖν
569 2259 781 2346 ἐπιτρέπουσι
794 2272 1002 2348 κατηγορεῖν,
1020 2261 1197 2349 ἀκούσατε,

135 2390 162 2429 ιο
177 2360 251 2435 οἷον
282 2369 363 2453 ὑμῖν
396 2370 495 2455 ἔργον
528 2367 641 2453 ἕτερον
673 2366 734 2446 ἐξω
764 2378 831 2434 τῶν
858 2371 968 2451 λόγων
996 2368 1014 2434 ὁ
1042 2380 1198 2452 γενναῖος

177 2470 275 2552 οὗτος
297 2473 381 2559 ἀνήρ
405 2474 561 2559 τυγχάνει
585 2471 880 2560 διαπεπραγμένος,
903 2474 948 2551 ὡς
970 2475 1118 2552 αὔθαδες
1139 2473 1197 2542 καὶ

176 2583 389 2667 τυραννικόν,
407 2579 462 2645 καί
481 2573 555 2647 οἷον
573 2580 668 2666 ὑμῶν
686 2577 843 2646 κατέλυσε
862 2582 968 2664 νόμον
986 2580 1086 2658 αὐτὸς
1104 2582 1197 2647 ἐδιώ-

141 2693 234 2772 2της
265 2686 312 2751 ὢν
341 2684 472 2770 μάθετε.
520 2693 587 2752 ίστε
618 2687 727 2770 δήπου
754 2685 889 2767 πάντες,
918 2685 969 2750 ὅτι
996 2686 1037 2750 τά
1064 2684 1101 2751 ἐκ
1128 2699 1197 2753 τῶν

176 2792 330 2878 πολέμων
362 2791 512 2876 λάφυρα,
545 2791 634 2858 ὅσων
664 2791 707 2858 δν
735 2793 816 2877 ἡμῖν
845 2791 975 2878 ὑπάρχῃ
1005 2803 1117 2878 τυχεῖν
1148 2791 1193 2859 δι’

137 2922 163 2964 ιε
177 2899 309 2987 ἀρετήν,
332 2898 475 2981 δημόσια
493 2890 581 2962 εἶναι
599 2898 726 2962 κελεύει
745 2897 763 2963 δ
782 2899 895 2982 νόμος,
912 2895 969 2963 καὶ
986 2899 1115 2964 τούτων
1135 2899 1198 2984 οὐχ

178 3006 267 3083 ὅπως
289 3029 338 3081 τις
357 3004 492 3088 ίδιάιτης
509 3005 637 3086 γίνεται
655 3003 781 3088 κύριος,
803 3000 875 3068 ἀλλ’
894 2999 966 3068 οὐδ’
985 3003 1085 3082 αὐτὸς
1103 3004 1122 3072 δ
1139 3013 1199 3090 τῆς

249 3236 266 3284 4
284 3228 335 3299 τὴν
354 3245 407 3284 om.
427 3229 475 3283 Ba
549 3235 581 3283 10
601 3225 619 3296 ἢ
639 3223 793 3290 ἐπιθέσεως
812 3227 835 3283 Ο
854 3231 967 3298 praeter
984 3230 1007 3283 Β
1080 3236 1114 3286 17
1132 3230 1198 3286 τού

177 3301 253 3372 τους]
277 3307 376 3354 τοῦτον
395 3299 420 3352 Α
494 3306 526 3355 19
551 3297 614 3355 οὐδ’
636 3300 688 3353 ΑΒ
715 3299 765 3369 οάχ
788 3297 933 3372 KIesinng
952 3301 957 3366 Ι
977 3300 1116 3356 ἀκούσατε
1136 3299 1198 3357 οἷον

177 3369 273 3513 ἒξῑροιχν
285 3369 364 3497 Αήμῑν
388 3368 470 3440 ἔργον
495 3368 547 3436 ἐξα
570 3369 646 3426 τοῦτ’
668 3365 742 3425 ἐστίν
766 3370 920 3441 ἀπολογίας
938 3369 1123 3444 ἐστερημένον
1141 3382 1197 3429 τῶν
