2586 3972
526 233 694 283 -H-
1051 230 1117 295 249

102 395 236 474 ζώντων
264 396 313 460 ἔτι
339 405 406 460 τῶν
433 391 600 480 πατέρων,
630 390 714 458 ἀλλά
740 390 796 458 καὶ
824 394 864 458 τά
890 395 1040 478 χρήματα
1063 390 1120 458 καλ

100 502 141 566 τά
170 502 305 586 σώματα
333 511 400 567 τῶν
426 501 573 584 παίδων,
606 498 625 564 ὅ
651 522 683 564 τι
710 500 891 584 βούλονται
919 496 1119 582 διατιθέναι,

101 617 172 684 τοῖς
199 607 364 692 πατράσιν
390 603 599 672 ἀποδέδοται.
649 602 725 672 ὥστ’
758 605 820 672 οίκι
852 604 894 671 ἀν
922 606 1030 688 δητου
1057 605 1118 687 τὴν

101 721 163 779 τοῦ
186 715 312 800 πατρὸς
334 711 453 778 οὐσίαν
474 721 535 778 τοῦ
558 713 769 797 μηνύσαντος
785 714 847 798 τὴν
864 711 1048 795 τυραννίδα
1065 708 1120 776 έπλ

101 831 172 898 τοῖς
195 829 257 886 τοῦ
279 821 398 896 παιδὸς
420 818 621 904 ἀδικήμασιν
639 817 858 906 ἀφαιρεῖσθαι
882 816 937 884 καὶ
960 817 1118 903 δημεύειν
1146 846 1159 887 ι

100 927 246 1011 ἡπόλις
272 924 377 1010 ἠξίου.
422 927 478 991 διά
504 921 565 1011 μὲν
593 926 635 1008 δη
662 935 765 992 ταῦτα
792 935 837 1013 τῷ
864 923 1013 1015 προτέρῳ
1041 941 1120 1008 συγ-

101 1036 322 1117 κατατίθεμαι
344 1042 412 1098 τῶν
430 1035 542 1116 λόγων
560 1037 701 1117 μᾶλλον·
724 1033 830 1117 ἔθηκα
849 1030 878 1098 δ’
903 1029 1121 1118 ἀμφοτέρους,

101 1142 157 1207 ἵνα
183 1137 239 1225 ἐξῇ
263 1151 333 1216 τοῖς
355 1137 652 1223 ἀναγνωσομένοις,
681 1137 827 1229 ὁποτέρῳ
850 1140 1031 1224 βούλονται
1052 1150 1121 1205 τῶν

102 1249 229 1329 λόγων,
250 1243 435 1332 προσέχειν.

170 1351 305 1417 LXXX.
342 1348 631 1437 Ἐαιιβαλλομέυων
650 1350 690 1418 δέ
705 1375 808 1419 τινων
828 1349 884 1417 καὶ
906 1353 985 1428 τοὺς
1002 1353 1122 1429 παιδας
1136 1377 1163 1418 ιο

102 1459 298 1526 ἀποκτείναι
325 1468 386 1525 τοῦ
409 1461 561 1525 Κασσίου
589 1460 703 1525 δεινὸν
731 1461 769 1525 τὸ
793 1461 872 1535 ἔθος
898 1456 1013 1536 ἔδοξεν
1036 1451 1122 1523 εἶναι

6 1649 7 1652 ¹
102 1576 142 1652 τῇ
167 1570 274 1651 βουλῇ
297 1564 354 1631 καλ
375 1564 585 1651 ἀσύμφορον·
614 1563 670 1632 καὶ
697 1570 910 1632 συνελθοῦσα
938 1563 1122 1650 ἐψηφίσατο

6 1679 7 1724 3
103 1672 269 1758 ἀφεῖσθαι
291 1672 331 1736 τά
349 1671 503 1757 μειράκια
520 1681 579 1757 της
596 1675 754 1757 τιμωρίας
773 1670 829 1738 καὶ
848 1669 901 1737 ἐπὶ
918 1672 1007 1759 πάση
1026 1670 1123 1759 ἀδείᾳ

105 1782 182 1865 δεῖν,
209 1779 289 1864 νίν
320 1785 411 1864 συνῇ
439 1774 511 1864 μήτ’
539 1777 652 1864 ἀτιμία
678 1776 752 1864 μεθ’
778 1780 862 1865 ἄλλο
890 1788 1047 1866 συννοσεῖ
1070 1781 1123 1862 ἔο-

105 1882 287 1971 μιωθέντα.
338 1882 395 1950 καλ
426 1882 460 1963 ἐξ
492 1883 622 1951 ἐκείνου
651 1886 689 1950 τὸ
719 1888 799 1964 ἔθος
827 1895 926 1952 τοῦτο
952 1871 1164 1969 Ῥωμαίοιῖιι

43 1992 288 2078 οιοεέτιχάριον
310 1989 449 2073 μέμονεν
476 1989 538 2068 ἕως
563 1999 622 2076 της
647 1988 725 2057 καθ’
752 1991 837 2077 ἡμᾶς
860 1992 1124 2077 διατηρούμενον

105 2100 255 2184 ἡλικίας,
280 2095 443 2193 ἀφεῖσθαι
469 2102 635 2190 τιμωρίας
655 2097 784 2196 ἁπάσης
811 2102 891 2176 τοὺς
912 2098 1048 2181 παῖδας,
1076 2091 1124 2163 ὧν

107 2205 151 2272 ἀν
171 2205 207 2272 οί
221 2193 677 2290 πατέρεςάδικησωσιν,“έάύ
691 2197 726 2271 τε
744 2199 919 2291 τυράννων
943 2207 1037 2281 ὄντες
1054 2197 1125 2270 υίοὶ

107 2313 273 2398 τύχωσιν,
303 2308 364 2377 έάυ
390 2333 425 2376 τε
452 2313 704 2398 πατροκτόνων,
734 2310 792 2376 ἐάν
820 2334 854 2376 τε
881 2313 1073 2396 προδοτῶν,
1106 2310 1124 2375 δ

109 2416 267 2503 μέγιστόν
290 2415 360 2483 ἐστι
382 2413 460 2504 παρ’
483 2416 622 2495 ἐκείνοις
640 2417 794 2503 ἀδίκημα.
839 2419 925 2483 οἵτε
942 2423 1123 2484 καταλῦσαι
1139 2406 1166 2521 22⁰

108 2527 147 2592 τὸ
170 2527 258 2602 ἔθος
272 2520 361 2590 τοῦτ’
389 2522 622 2609 ἐπιβαλόμενοι
644 2526 727 2590 κατὰ
748 2527 826 2602 τοὺς
848 2522 1027 2610 ἡμετέρους
1049 2527 1125 2610 χρό-

108 2655 192 2709 νους
218 2632 300 2716 μετά
325 2630 387 2713 την
414 2629 609 2696 συντέλειαν
635 2638 696 2697 τοῦ
718 2634 899 2717 Μαρσικοῦ
926 2655 961 2697 τε
988 2628 1043 2696 καὶ
1072 2630 1126 2696 έ-

109 2741 233 2825 φυλίου
256 2734 415 2822 πολέμου,
436 2734 493 2802 καὶ
511 2739 589 2814 τοὺς
606 2738 728 2816 παλδας
745 2748 812 2803 τῶν
835 2735 1126 2824 ἐπικηρυχθέντων

110 2843 164 2912 ἐπὶ
192 2845 310 2910 Σύλλα
335 2841 496 2930 πατέρων.
514 2841 712 2928 ἀφελόμενοι
743 2846 782 2910 τὸ
809 2843 956 2929 μετιέναι
982 2845 1039 2921 τὰς
1065 2864 1127 2908 πα-

110 2954 225 3039 τρίους
243 2949 346 3036 ἀρχάς
363 2949 418 3016 καὶ
437 2954 562 3035 βουλῆς
579 2948 725 3036 μετέχειν
743 2948 821 3017 καθ’
843 2950 883 3017 ὃν
904 2949 1127 3016 ἐδυνάστευον
1140 2974 1167 3016 ιε

110 3055 206 3124 αὐτοὶ
229 3059 366 3144 χρόνον,
389 3056 578 3143 ἐπίφθονόν
600 3054 628 3122 τ’
653 3057 846 3144 ἀνθρώποις
868 3055 923 3123 καὶ
945 3058 1128 3142 νεμεσητὸν

111 3171 204 3242 θεοῖς
228 3167 328 3252 ἔργον
351 3163 470 3242 ἔδοξαν
489 3163 738 3244 ἀποδείξασθαι.
784 3165 951 3249 τοιγάρτοι
973 3165 1049 3245 δίκη
1067 3159 1128 3248 μὲν

186 3361 200 3410 1
230 3356 319 3412 verba
344 3355 411 3410 inde
440 3355 476 3408 ab
504 3355 574 3411 ἀλλὰ
602 3373 691 3425 usque
717 3356 754 3411 ad
777 3357 887 3411 παίδων
912 3373 965 3411 om.
989 3355 1035 3410 Βο
1063 3355 1128 3411 εδδ.

114 3428 210 3499 Bbmg
284 3434 317 3482 19
337 3423 436 3481 ἐάντε
455 3429 601 3495 προδοτῶν
620 3445 674 3483 om.
693 3427 739 3482 Ba
758 3427 823 3481 add.
838 3428 914 3498 Bmg
968 3432 1003 3480 24
1022 3427 1129 3481 Σύλλαι

115 3499 162 3554 Ba
179 3498 318 3572 Σύλλ<α>
337 3498 385 3553 Bb
401 3501 406 3568 1
422 3503 547 3568 μετεῖναι
565 3497 646 3554 ABG
