2674 3978
526 235 689 283 -Z-
1073 233 1114 298 77

110 390 174 458 ἀλλ’
201 392 300 477 ὁμόσε
328 402 449 478 χωρεῖν
471 392 816 480 παρεσκευασμένους,
844 393 959 478 ἐπτηξε
986 393 1041 461 καὶ
1064 421 1117 481 μι-

108 501 184 584 κρὸν
200 498 379 584 ἀναλαβὼν
398 497 516 567 ἑαυτὸν
535 501 645 586 ὥσπερ
664 499 700 566 ἐκ
719 499 825 586 μέθης
843 499 898 565 καὶ
916 505 1036 586 μανίας
1051 501 1116 569 άπὸ

110 601 164 690 μὲν
185 617 246 673 τοῦ
268 606 440 690 βιάζεσθαι
463 605 596 692 κατέβη,
619 605 672 672 ἐπὶ
694 607 732 673 τὸ
753 607 947 686 δικάζεσθαι
970 605 1000 672 δ’
1025 607 1117 693 ἐτρά-

55 727 193 779 Ιειεπετο·
225 711 281 779 καὶ
310 715 479 797 προειπὼν
506 712 633 798 ἡμέραν
660 715 765 800 ῥητήν
792 717 840 792 είς
871 715 976 798 αὐτήν
1008 713 1117 780 ἐκάλει

107 821 161 884 τὸν
182 821 291 906 άνδρα
314 820 359 897 ὡς
382 821 479 905 δίκην
500 819 678 906 ὑφέξοντα,
704 815 744 904 ής
767 821 865 898 αὐτὸς
888 823 1024 905 ἔμελλεν
1047 823 1117 887 ἐσε-
1144 841 1157 882 ε

108 932 183 991 σθαι
209 929 394 1012 κατήγορός
419 950 454 992 τε
481 925 537 992 καὶ
563 927 689 1013 μάρτυς
715 925 770 992 καὶ
798 928 954 1011 δικαστής
980 926 1118 995 καὶτοῦ

108 1031 268 1116 μεγέθους
294 1043 351 1117 τῆς
381 1037 537 1120 τιμωρίας
568 1035 693 1120 κύριος.
743 1032 857 1118 ἐπειδή
885 1031 923 1099 δέ
952 1033 1007 1100 καὶ
1036 1037 1154 1120 πρὸς3

107 1137 189 1204 τοῦτ’
224 1138 375 1224 ἐνέστητε
405 1145 601 1225 νομίσαντες
636 1141 699 1207 οὐκ
728 1138 782 1207 ἐπί
812 1141 926 1225 δίκην,
959 1139 1031 1207 ἀλλ’
1066 1140 1119 1207 ἐπὶ
1166 1212 1168 1216 ,

107 1249 265 1332 τιμωρίαν
282 1253 457 1314 καλεῖσθαι
476 1250 535 1314 τὸν
553 1249 672 1332 ἄνδρα,
696 1247 785 1333 ὁρῶν
804 1247 849 1324 ὡς
867 1247 1005 1325 οὐδενὸς
1023 1248 1120 1314 αὐτο-

107 1351 230 1438 κράτωρ
263 1352 332 1419 ἐστὶ
360 1354 568 1442 πράγματος,
599 1351 670 1420 ἀλλ’
700 1351 749 1420 ὅδ’
776 1353 819 1419 άν
849 1353 942 1439 ὑμεῖς
974 1359 1119 1441 προβον-
1133 1374 1159 1414 1⁰

109 1459 256 1545 λεόσητε,
285 1458 378 1526 ταῦτ’
404 1460 601 1546 ἐπιψηφίσαι
629 1461 759 1547 κύριος,
787 1470 845 1545 τῆς
871 1457 900 1526 τ’
926 1461 1120 1545 αὐθαδείας,

108 1558 142 1646 ής
158 1569 265 1644 πολὺς
283 1568 375 1632 έπνει
392 1569 477 1652 τότε,
494 1566 626 1652 ὑφεῖται
645 1564 724 1632 νυνὶ
742 1564 797 1632 καὶ
812 1568 1012 1651 δεησόμενος
1025 1567 1120 1650 ὑμῶν

108 1672 175 1754 ήκει
193 1681 407 1758 συγχωρήσαι
421 1670 476 1738 καὶ
496 1675 620 1758 ταύτην
635 1673 724 1762 αὐτῷ
739 1674 800 1757 τήν
814 1673 920 1759 χάριν.
953 1673 1120 1760 ἐνθυμοὺ-
1133 1677 1157 1741 4

110 1801 197 1860 μενοι
212 1781 255 1862 δή
266 1777 359 1846 ταῦτ’
371 1786 533 1846 αἴσθεσθε
547 1783 611 1865 ήδη
626 1776 706 1846 ποτέ
719 1777 774 1845 καὶ
788 1779 923 1865 μάθετε,
938 1779 988 1844 ότι
1002 1779 1120 1865 πάνθ’,

111 1884 166 1949 ὅσα
192 1884 254 1971 μὲν
283 1885 487 1972 εὐηθέστερα
514 1887 777 1971 βουλευσάμενοι
804 1890 932 1970 μᾶλλον
961 1885 1121 1972 ήφρονι-
1136 1905 1161 1946 1⁵

111 1992 233 2080 μότερα
258 1993 470 2079 ἐχαρίσασθε,
493 1993 582 2082 αὐτῷ
607 1993 781 2079 συμφοράς
802 1992 883 2078 ὑμῖν
906 1991 1043 2078 ἐνήνοχε
1067 1991 1122 2058 καὶ

111 2099 240 2185 βλάβας,
264 2099 328 2180 ὅσα
351 2096 388 2165 δέ
411 2101 492 2184 μετὰ
514 2110 575 2166 τοῦ
593 2104 751 2184 γενναίου
770 2099 904 2176 στάντες
926 2111 996 2177 τοῖς
1018 2120 1123 2185 παρα-

111 2207 220 2289 νόμοις
242 2206 349 2272 αὐτοῦ
365 2204 427 2271 ’καὶ
449 2210 572 2292 βιαίοις
589 2207 830 2291 ήναντιώθητε,
852 2202 950 2272 ταῦθ’
971 2204 1053 2290 ὑμῖν
1076 2207 1123 2283 είς

112 2308 183 2377 δέον
197 2311 364 2398 ἐκβέβηκε.
393 2317 428 2378 τί
444 2308 506 2380 οὖν
520 2313 602 2397 ὑμίν
615 2310 844 2396 ἐπισταμένοις
857 2322 959 2378 ταῦτα
972 2324 1122 2399 παραινῶ
1137 2315 1158 2381 5

112 2418 346 2503 πράττεινκαὶ
371 2423 446 2485 τίνα
474 2422 610 2504 γνώμην
637 2416 722 2504 ὑπέρ
749 2429 816 2484 τῶν
845 2422 1020 2504 παρόντων
1043 2419 1122 2486 άπο-
1137 2439 1163 2479 εο

58 2529 283 2612 142λφαίνομαι;
312 2526 374 2592 ὅσα
401 2523 463 2611 μέν
490 2525 690 2612 ἐχαρίσασθε
717 2523 773 2590 καὶ
801 2526 1050 2611 συνεχωρήσατε
1077 2535 1122 2612 τῷ

114 2630 200 2723 δήμῳ
227 2634 292 2717 τήν
319 2635 446 2719 ἔχθραν
469 2634 740 2716 διαλλαττόμενοι
763 2632 977 2715 ὁπωσδήποτε
1000 2630 1124 2716 φυλάτ-

113 2760 176 2803 τειν
204 2741 323 2826 κύρια,
352 2737 408 2804 καὶ
437 2739 481 2823 μή
513 2740 606 2805 λάειν
635 2749 704 2804 τῶν
734 2741 806 2803 τότε
839 2735 1124 2821 συγχωρηθέντων

114 2843 231 2930 μηθέν,
260 2845 322 2929 οὐχ
351 2845 395 2921 ὡς
421 2850 533 2910 καλῶν
561 2842 616 2910 καλ
644 2853 701 2928 τῆς
730 2848 857 2919 πόλεως
878 2841 980 2920 άξίων
1003 2844 1124 2907 όντων·

113 2939 215 3017 πόθεν
238 2951 319 3037 γάρ;
343 2949 415 3017 ἀλλ’
441 2952 487 3028 ὡς
508 2950 698 3035 ἀναγκαίων
720 2948 776 3015 καὶ
798 2947 912 3033 μηκέτι
936 2945 1125 3033 δεχομένων
1139 2969 1165 3010 25

115 3056 309 3144 διόρθωσιν·
330 3058 391 3124 ὅσα
409 3055 440 3122 δ’
458 3057 500 3122 άν
519 3056 580 3136 ἔξω
598 3059 719 3124 τούτου
737 3058 930 3142 βιαζόμενος
946 3053 1003 3120 καὶ
1020 3075 1125 3141 παρα-

115 3175 222 3246 νομῶν
250 3163 402 3229 ἀκόντων
429 3165 525 3250 ὑμῶν
552 3163 698 3250 ἐπιχειρῇ
727 3162 908 3248 λαμβάνειν
938 3165 1019 3247 μήτε
1046 3179 1126 3246 συγ-

180 3357 301 3419 οαὺτδς
320 3373 374 3414 om.
393 3356 416 3408 B
436 3355 450 3410 ό
470 3355 554 3418 αὑτὸς
572 3372 594 3409 e.
614 3354 759 3424 Kiessh'ng
818 3361 834 3410 8
854 3353 1002 3424 διντέστητε
1022 3357 1045 3408 A
1066 3350 1127 3411 ἐνέ-

118 3440 190 3494 στητε
208 3426 235 3480 R
309 3432 342 3481 10
362 3425 430 3482 ὅταν
449 3426 471 3481 Ο
492 3425 534 3482 ὑπ’
556 3424 593 3480 διν
613 3427 734 3496 Sylburg
808 3432 840 3480 12
860 3420 893 3493 ἧς
912 3443 965 3482 om.
980 3427 1003 3480 B
1020 3430 1024 3498 Ι
1040 3446 1127 3483 τότε

117 3492 331 3566 ΒΙὺφ’ἧτεΒ
379 3504 412 3551 13
428 3495 635 3572 <ή>κ<ει>Βὺ
684 3497 830 3567 16ήμίνΒ
882 3496 1127 3554 27ἀκόν..τωνΒ
