2674 3978
561 265 723 313 -z-
1106 261 1147 325 91

132 431 198 485 τῶν
217 417 249 483 θ’
266 422 323 486 ἵνα
341 423 386 505 μὴ
405 420 537 505 γένοιτο
555 422 745 509 ὑποχείριος
762 434 832 501 τοῖς
849 422 985 510 ἐχθροῖς
1003 425 1048 502 ὡς
1064 420 1148 510 ὑπὲρ

131 535 188 610 της
209 526 462 613 ἀριστοκρατίας
484 528 732 615 ἀγωνιζόμενος.
777 528 885 596 ἐδόκει
908 526 945 596 θέ
968 540 1057 596 πάσα
1079 556 1149 598 κιν-

132 633 335 699 δυνεύεσθαι
364 635 385 719 ἡ
413 645 474 702 τοῦ
500 639 578 720 βίου
606 635 661 702 καί
683 645 741 721 τῆς
764 635 957 723 ἐλευθερίας
980 638 1149 716 δικαίωσις

131 737 168 804 ἐν
195 749 241 827 τῷ
264 744 337 807 τότε
360 741 465 825 ἀγῶνι
489 741 695 829 ἀμφοτέροις.
741 742 917 827 ἐπιστάσης
940 739 978 808 δέ
1000 753 1058 829 τῆς
1080 747 1150 832 τρί-1

129 867 187 929 της
214 845 338 932 ἀγορᾶς
365 849 383 914 ὁ
412 844 473 933 μὲν
501 848 537 914 ἐκ
564 860 631 915 τῶν
658 849 772 935 άγρῶν
799 851 913 936 όχλος,
947 849 1024 927 ὅσος
1055 850 1148 917 οὔπω
1176 872 1188 911 5

129 955 309 1039 πρότερον,
342 956 581 1040 συνεληλυθὼς
612 957 660 1033 είς
691 957 752 1040 τὴν
781 958 881 1022 πόλιν
908 955 1016 1022 ἕωθεν
1044 955 1148 1034 εὐθὺς

129 1070 256 1144 κατεῖχε
286 1062 347 1144 την
378 1058 517 1144 ἀγοράν·
555 1062 591 1127 οί
618 1057 655 1127 δὲ
684 1063 847 1148 δήμαρχοι
875 1062 1083 1128 συνεκάλουν
1110 1064 1147 1128 τὸ

129 1170 260 1248 πλῆθος
283 1164 336 1231 ἐπὶ
358 1167 420 1251 τὴν
444 1166 583 1254 φυλέτιν
606 1166 794 1252 ἐκκλησίαν,
819 1171 924 1252 χωρία
946 1176 1003 1251 τῆς
1025 1168 1149 1255 ἀγοράς

128 1277 450 1358 περισχοινίσαντες,
476 1273 513 1339 ἐν
542 1264 592 1352 οἷς
619 1276 758 1359 ἐμελλον
781 1273 818 1338 αί
839 1270 942 1358 φυλαὶ
966 1276 1146 1358 στήσεσθαι

108 1375 205 1442 ’καθ’
238 1378 349 1456 αὑτάς·
393 1377 448 1446 καί
476 1382 550 1445 τότε
579 1391 711 1465 πρῶτον
742 1377 871 1464 ἐγένετο
894 1375 1065 1463 Ῥωμαίοις
1094 1349 1186 1469 {at-120

128 1489 247 1568 κλησία
265 1481 335 1550 κατ’
355 1483 478 1572 ἀνδρὸς
495 1488 695 1572 ψηφοφόρος
713 1485 747 1569 [οἱ
762 1487 935 1571 φυλετικὴ]
954 1486 1061 1552 πολλά
1081 1482 1144 1568 [δὲ]

129 1589 395 1676 ἐναντιουμένων
417 1603 485 1658 τῶν
507 1596 705 1676 πατρικίων,
732 1592 856 1676 ἵναμὴ
880 1601 977 1658 τοῦτο
1001 1589 1146 1676 γένηται,

128 1695 182 1762 καὶ
204 1699 267 1782 την
290 1702 416 1784 λοχῖτιν
439 1696 623 1776 ἀξιούντων
646 1697 805 1780 συνάγειν
823 1697 1013 1783 ἐκκλησίαν,
1035 1699 1145 1785 ὥσπερ

66 1803 242 1882 ιιιεαύτοῖς
264 1804 405 1890 πάτριον
427 1798 480 1888 ἦν.
517 1802 555 1868 ἐν
575 1804 639 1887 γάρ
657 1815 726 1879 τοῖς
743 1801 907 1888 πρότερον
924 1806 1068 1889 χρόνοις,
1091 1804 1144 1869 ὅτε

128 1909 242 1993 μέλλοι
265 1918 380 1995 ψῆφον
403 1908 573 1996 ἐπιφέρειν
593 1910 610 1977 ὁ
631 1911 734 1994 δῆμος
756 1904 840 1995 ὑπὲρ
864 1909 1078 1994 ὁτουδήτινος
1097 1904 1144 1975 ὧν
1160 1941 1185 1981 15

128 2014 334 2100 ἐπιτρέψειεν
348 2016 368 2100 οἱ
383 2019 501 2102 βουλή,
520 2015 662 2084 ἐκάλουν
682 2013 743 2101 μὲν
758 2016 793 2081 οί
808 2016 928 2082 ὕπατοι
942 2017 1003 2100 τὴν
1018 2020 1144 2102 λοχῖτιν

128 2121 320 2206 ἐκκλησίαν,
348 2121 420 2207 ίερά
446 2125 609 2211 πρότερον
636 2119 894 2207 ἐπιτελέσαντες,
918 2121 939 2187 ἀ
962 2125 1064 2207 νόμος
1086 2123 1144 2188 αὐ-

127 2240 195 2306 τοῖς
228 2227 314 2313 ἐστι,
346 2227 401 2294 καὶ
428 2228 524 2316 μέχρι
551 2230 626 2296 τοθ
640 2225 717 2294 καθ’
744 2227 829 2313 ἡμᾶς
855 2230 980 2314 χρόνου
1007 2231 1082 2295 τινά
1110 2229 1143 2308 ἐξ

126 2335 237 2400 αὐτῶν
266 2338 313 2400 ἐτι
340 2339 475 2418 γίνεται.
523 2333 640 2424 συνῄει
669 2332 706 2401 δὲ
733 2337 770 2402 τὸ
798 2339 927 2418 πλῆθος
950 2336 997 2412 είς
1018 2338 1055 2402 τὸ
1078 2339 1178 2422 πρὸ3

126 2443 182 2525 τῆς
214 2444 342 2518 πόλεως
358 2441 493 2530 ’Ἀρειον
524 2445 642 2509 πεδίον
670 2444 735 2510 ὑπό
762 2465 796 2508 τε
825 2446 978 2528 λοχαγοῖς
1004 2441 1058 2508 καλ
1087 2461 1144 2528 ση-
1157 2474 1185 2514 ιο

125 2550 230 2631 μείοις
253 2548 453 2634 τεταγμένον
476 2551 584 2637 ὥσπερ
609 2549 645 2616 ἐν
668 2547 814 2638 πολέμφ,
838 2545 1000 2634 ἐπέφερον
1022 2545 1059 2614 όέ
1081 2549 1144 2632 τὴν

124 2664 240 2739 ψῆφον
259 2654 321 2741 οὐχ
340 2656 480 2736 ἅπαντες
496 2656 731 2741 άναλαβόντες,
750 2655 834 2721 ἀλλὰ
848 2655 930 2722 κατὰ
944 2657 1021 2732 τοὺς
1036 2657 1143 2732 ίόίους

124 2759 256 2826 ἕκαστοι
280 2765 410 2848 λόχους,
433 2764 532 2829 ὁπότε
554 2767 712 2847 κληθεῖεν
734 2761 800 2828 ὑπὸ
818 2771 887 2826 τῶν
905 2760 1049 2826 ὑπάτων.
1086 2763 1142 2828 όν-

124 2890 191 2932 των
211 2863 248 2932 δέ
262 2879 329 2933 τῶν
343 2870 544 2954 συμπάντων
557 2880 659 2957 τριῶν
673 2866 728 2934 καί
742 2866 941 2952 ἐνενήκοντα
954 2865 1010 2932 καὶ
1024 2863 1142 2934 ἑκατὸν

197 3031 210 3077 1
232 3024 279 3094 ὡς]
301 3024 316 3080 ὁ
336 3042 359 3080 ο.
375 3025 498 3096 Sylburg
553 3034 569 3082 6
588 3025 680 3081 ἕωθεν
699 3023 741 3079 ἐτι
760 3024 782 3079 0
802 3022 894 3079 ἕωθεν
914 3024 1002 3086 εόθὺς
1020 3041 1041 3078 ο.
1058 3025 1140 3078 Gras-

124 3094 224 3164 berger
242 3095 407 3168 Philologus
427 3103 461 3152 2⁸
480 3099 572 3168 (1869)
591 3114 619 3167 p.
634 3104 684 3152 551
741 3103 757 3150 9
777 3091 809 3150 ἐν
827 3093 872 3157 αἷς
891 3095 913 3149 O
934 3111 1003 3149 corr.
1021 3095 1140 3150 Hudson

125 3171 157 3220 10
185 3164 249 3220 κατ’
273 3167 360 3230 αὐτάς
386 3185 454 3223 corr.
475 3168 598 3238 Sylburg
671 3173 703 3221 11
730 3165 936 3235 *ἡφυλετική
959 3165 1053 3221 delevi
1078 3171 1082 3236 Ι
1107 3167 1139 3223 δὲ

125 3231 348 3308 ἐναντιουμένων
367 3238 389 3293 O
409 3236 663 3310 θιεναντιουμένων
683 3256 705 3292 ο.
726 3236 851 3292 Sintenis
869 3237 930 3295 Em.
951 3237 1031 3292 Dion.
1051 3238 1139 3294 11113

124 3307 157 3377 δὴ
177 3304 403 3380 ἐναντιουμένων
422 3311 512 3367 Cobet
531 3311 595 3368 Obs.
615 3327 641 3380 p.
659 3315 710 3365 147
730 3308 761 3363 δὲ
781 3309 836 3362 όολ
856 3308 966 3378 Kayser
983 3309 1054 3362 Ann.
1070 3309 1139 3378 phil.

122 3396 149 3448 p.
167 3386 220 3435 815
296 3390 328 3438 15
357 3381 372 3436 ὁ
396 3398 450 3436 om.
474 3382 497 3436 B
571 3387 604 3437 16
634 3376 820 3451 ἐπιτρέψειΒ
895 3387 927 3434 19
955 3379 1139 3454 συν<ήει>Β

123 3456 155 3504 22
174 3452 224 3520 οάχ
244 3450 305 3521 ἅμα
322 3451 427 3515 πάντες
445 3453 636 3527 ἀναλαβόντες
654 3450 778 3507 Βὶηῖυηὶε
796 3449 849 3505 1.1.
869 3451 919 3520 οὐχ
938 3450 1061 3514 ἅπαντες
1080 3450 1138 3528 άμα

123 3519 199 3576 ἀναλ.
220 3520 366 3593 Kiessling
385 3523 443 3593 ἅμα
461 3523 709 3597 ἀναλαμβάνοντες
727 3521 857 3576 ΗεεῖΙεὶο
874 3520 991 3576 Hermes
1011 3523 1035 3576 Χ
1051 3528 1103 3577 416
