2674 3978
181 255 224 320 62
607 257 769 306 -Ζ-

179 425 237 501 τῆς
260 419 355 502 δίκης
373 415 565 503 ἐφιστάντες
585 415 698 491 αὐτοῖς
715 418 834 501 φόβον.
880 414 982 500 ἀρχάς
994 413 1061 500 ’μέν
1081 417 1123 502 δὴ
1142 416 1199 483 καὶ

179 524 357 609 προεδρίας
383 522 438 589 καὶ
465 525 561 609 τιμὰς
587 533 657 600 τοῖς
684 521 783 608 ἀρετῇ
806 519 862 587 καλ
883 523 966 608 τάχη
989 524 1282 609 προῦχουσινιεοῶ

179 629 273 715 ἡμῶν
297 630 437 714 οίόμεθα
460 630 533 694 δεῖν
554 625 744 713 ἀπονέμειν·
768 630 806 694 τὸ
824 624 862 692 δὲ
880 625 987 713 μηδὲν
1004 621 1197 697 ἀδικελσθαι

179 734 294 802 καὶτὸ
318 736 411 813 δίκας
434 729 482 800 ὧν
505 736 547 800 ἀν
569 757 619 812 τις
641 733 734 820 πάθη
760 735 990 821 προσηκούσας
1013 737 1197 822 λαμβάνειν

152 849 235 908 τίσα
253 840 308 908 καὶ
326 842 423 908 κοινὰ
436 853 506 918 τοις
524 841 591 926 ἅμα
609 839 878 925 πολιτευομένοις
891 837 977 907 είναι
992 842 1198 927 δικαιοῦμεν.

143 956 164 1020 6
179 951 288 1035 ὥσπερ
306 943 369 1014 οὖν
387 959 454 1013 τῶν
473 954 632 1033 λαμπρῶν
646 945 701 1012 καὶ
719 947 871 1032 μεγάλων
885 945 1084 1033 ἀφιστάμεθ’
1103 949 1197 1034 ὑμίν,

179 1055 284 1132 οάιως
296 1065 364 1120 τῶν
378 1060 461 1121 ίσων
474 1052 530 1119 καλ
548 1065 672 1120 κοινῶν
690 1052 732 1119 οὐ
750 1050 944 1137 μεθιέμεθα.
981 1055 1079 1120 ίκανὰ
1097 1053 1191 1122 ταῦτ’

178 1163 325 1247 εἰρήσθω
347 1158 422 1248 περὶ
446 1170 507 1227 τοῦ
530 1160 662 1226 δικαίου
684 1164 819 1226 πολλῶν
839 1159 985 1226 ἐνόντων
1003 1159 1059 1226 καὶ
1082 1163 1197 1228 ἀλλων

178 1266 342 1350 λέγεσθαι.

139 1395 165 1435 10
244 1373 412 1440 XXXXII.
441 1371 495 1451 Ὡς
522 1369 559 1439 δέ
582 1370 636 1439 καὶ
660 1373 808 1438 συνοίσει
831 1380 877 1460 τῷ
900 1381 1002 1461 κοινῷ
1024 1371 1123 1438 ταῦθ’
1150 1374 1197 1452 ὡς

177 1481 195 1547 ὁ
225 1482 329 1566 δῆμος
357 1479 446 1560 ἀξιοῖ
477 1482 652 1564 γινόμενα,
689 1479 788 1563 μικρά
821 1477 1000 1557 διεξιόντος
1032 1479 1199 1565 ἀνέχεσθέ

177 1587 294 1672 <μου>.
317 1586 396 1672 φέρε
411 1586 486 1670 γάρ,
505 1592 540 1650 εί
549 1609 598 1663 τις
611 1586 697 1669 ὑμᾶς
715 1587 835 1672 ἔροιτο,
853 1589 888 1650 τί
903 1584 1059 1670 μέγιστον
1079 1593 1195 1653 οίεσθε

176 1689 263 1761 εἶναι
281 1705 349 1759 τῶν
366 1695 688 1779 καταλαμβανόντων
705 1703 817 1758 κακῶν
835 1693 892 1770 τὰς
910 1695 1034 1777 πόλεις,
1058 1691 1195 1760 καὶτοῦ

176 1804 330 1887 ταχίστου
353 1810 421 1865 τῶν
443 1797 597 1884 όλέθρων
620 1805 744 1884 αίτιον,
771 1793 823 1887 ἀρ’
852 1797 926 1884 οὐχὶ
955 1800 1017 1883 τὴν
1042 1801 1196 1886 διχοστα-

136 1888 253 2003 {clav
280 1903 395 1973 εἴποιτ’
427 1907 484 1985 άν;
518 1903 594 1991 ἐμοὶ·
624 1914 708 1989 γοῦν
736 1907 836 1971 δοκεί.
886 1909 936 1983 τίς
963 1907 1069 1994 <γάρ>
1097 1907 1194 1992 ὑμῶν

175 2014 282 2092 οὕτως
299 2014 432 2097 ἠλίθιός
451 2011 540 2078 ἐστιν
559 2012 579 2096 ἢ
599 2015 711 2089 σκαιὸς
724 2011 745 2096 ἢ
759 2009 843 2096 πέρα
856 2023 917 2079 τοῦ
931 2016 1067 2098 μετρίου
1084 2025 1195 2099 μισῶν

175 2123 236 2206 τὴν
264 2122 455 2208 ίσηγορίαν,
482 2119 519 2197 ὃς
547 2118 608 2183 οὐκ
636 2113 744 2201 οἶδεν,
777 2118 827 2184 ότι
855 2120 1014 2204 δοθείσης
1043 2119 1195 2199 ἐξουσίας

175 2236 220 2315 τῷ
254 2228 347 2316 δήμῳ
379 2229 507 2314 κρίνειν
539 2224 578 2302 ἀς
609 2223 735 2302 ἔξεστιν
767 2225 855 2313 αὐτῷ
893 2227 988 2303 δίκας
1018 2229 1100 2293 κατὰ
1131 2231 1273 2297 τὸν1403

174 2337 280 2418 νόμον
295 2332 332 2398 ἐν
347 2334 485 2419 ὁμονοίᾳ
498 2333 774 2414 πολιτευσόμεθα,
789 2333 820 2395 εί
833 2327 870 2396 δὲ
884 2331 1044 2398 τάναντία
1058 2337 1192 2418 γνοίητε

134 2459 161 2500 ω
174 2435 230 2504 καὶ
258 2437 433 2523 ἀφέλοισθ’
458 2438 553 2522 ἡμῶν
583 2439 643 2522 τὴν
667 2435 877 2520 ἐλευθερίαν·
906 2437 1103 2526 ἐλευθερίαν
1125 2443 1191 2529 γὰρ

175 2543 403 2630 ἀφαιρήσεσθε
423 2546 519 2629 δίκην
536 2541 592 2609 καὶ
610 2546 715 2629 νόμον
730 2543 984 2629 ἀφαιρούμενοι·
1005 2547 1193 2626 στασιάζειν

173 2651 258 2737 ἡμᾶς
280 2646 381 2729 αὖθις
404 2651 604 2734 ἀναγκάσετε
626 2649 682 2715 καὶ
703 2656 861 2735 πολεμεῖν
883 2652 978 2736 ὑμίν;
1008 2652 1041 2732 ἐξ
1064 2648 1104 2736 ἧς
1126 2654 1191 2741 γάρ

173 2758 215 2825 ἀν
239 2758 401 2845 ἐξελασθῇ
419 2761 547 2835 πόλεως
565 2759 639 2842 δίκη
658 2756 713 2823 καὶ
732 2760 846 2842 νόμος,
869 2761 916 2835 είς
934 2760 1057 2844 ταύτην
1077 2761 1192 2838 στάσις

138 2867 429 2954 δείσπορεύεσθαι
456 2870 549 2951 φιλεῖ
573 2861 628 2930 καὶ
655 2866 806 2948 πόλεμος.
852 2863 907 2930 καὶ
937 2865 1011 2930 ὅσοι
1039 2862 1101 2949 μὲν
1128 2867 1191 2932 οὐκ

245 3064 259 3110 1
278 3057 446 3127 ὑφιστάντες
465 3057 487 3112 Ο
507 3074 574 3112 cort.
593 3055 697 3110 Reiske
775 3063 791 3111 3
810 3058 888 3127 ὑμῶν
907 3057 983 3111 ABa
1001 3057 1121 3130 <ὑ>μῶν
1143 3060 1189 3113 Bb

173 3145 241 3182 corr.
261 3127 385 3182 Sintenis
403 3129 465 3185 Em.
482 3129 563 3185 Dion.
583 3129 609 3180 H
623 3134 657 3181 36
718 3128 802 3183 όκαλ
822 3146 874 3184 om.
895 3128 920 3182 A
939 3129 1022 3183 κοινά
1040 3138 1110 3184 πᾶσι
1128 3136 1188 3193 τοῖς

172 3216 194 3254 c.
214 3198 358 3268 Kiessling
432 3207 462 3254 ll
478 3198 639 3265 διεξιόντων
654 3196 677 3251 Ο
699 3198 852 3264 διεξιόντος
866 3218 888 3256 ο.
905 3199 1077 3270 Grasberger
1093 3200 1190 3256 Philo·

171 3270 254 3338 logus
273 3276 307 3325 28
326 3274 419 3338 (1869)
437 3288 465 3340 p.
481 3276 532 3325 549
606 3276 639 3323 12
658 3268 741 3339 *μου
761 3270 861 3324 addidi
936 3279 966 3325 15
986 3271 1052 3334 *τίς
1070 3273 1149 3341 ὑμῶν
1165 3273 1188 3326 Ο

171 3343 213 3404 τίς
231 3340 263 3396 δὲ
281 3341 328 3396 vel
346 3342 387 3404 τίς
405 3340 438 3395 θ’
461 3357 484 3396 ο.
504 3341 627 3411 Sylburg
644 3341 685 3402 τίς
705 3337 755 3395 οὖν
775 3342 879 3396 Reiske
897 3341 951 3412 γάρ
971 3341 1070 3395 addidi
1153 3350 1187 3398 20

171 3445 318 3517 ἀφέλησθε
338 3450 361 3501 Α
380 3445 522 3516 ἀφέλεσθε
542 3447 564 3499 Β
583 3431 725 3516 ἀφέλέδθε
744 3447 764 3501 G
783 3446 939 3517 ἀφέλοισθε
958 3447 1081 3519 Sylburg
1153 3457 1188 3506 23

172 3515 310 3589 ἐξελασθῇ
331 3519 351 3574 O
371 3513 493 3588 έξελαθῇ
511 3518 537 3570 R
609 3527 643 3573 24
662 3519 837 3590 πορεύεσθαι
854 3519 880 3573 A
