2656 3974
551 251 718 304 -Θ-
1076 252 1140 317 371

124 407 182 487 τὰς
208 407 426 495 νομιζομένας
453 408 639 478 ἀποδοῦναι
666 421 712 500 τῷ
740 411 841 499 πατρί
863 414 965 499 τιμάς.
1004 412 1143 494 ’Ἁππιος

125 513 187 601 μὲν
210 511 274 583 οὖν
296 519 451 604 τοιαύτης
473 523 627 603 τελευτῆς
649 521 775 604 ἔτυχεν.

191 621 260 688 LV.
303 623 349 689 Οἰ
377 621 408 689 δ’
442 623 563 691 ὕπατοι
594 625 864 712 καταγράψαντες
895 627 952 708 τὰς
984 628 1143 713 δυνάμεις

123 728 244 814 ἐξῆγον
271 728 308 796 ἐκ
334 740 392 816 τῆς
413 734 554 809 πόλεως·
585 733 727 810 Λεύκιος
749 728 810 817 μὲν
835 732 1018 820 Οὐαλέριος
1041 737 1088 800 Αἰ
1129 771 1141 784 -

123 847 196 914 νοῖς
218 839 431 923 πολεμήσων,
463 836 613 924 Τιβέριος
636 836 667 904 δ’
694 840 849 924 Αἰμίλιος
871 844 1042 926 Σαβίνοις.
1086 838 1142 906 καὶ
1168 869 1182 911 ε

123 945 188 1030 γὰρ
216 941 309 1010 οὗτοι
336 944 419 1009 κατά
441 944 502 1009 τδν
524 953 582 1027 τῆς
604 945 749 1024 στάσεως
770 949 889 1031 καιρὸν
912 945 1071 1033 ἐνέβαλον
1094 949 1143 1026 εἰς

122 1053 184 1135 τῆν
211 1049 381 1137 Ῥωμαίων
412 1052 525 1138 χώραν
557 1049 613 1117 καὶ
644 1054 773 1137 πολλὴν
803 1052 905 1138 αὐτῆς
934 1056 1142 1132 κακώσαντες

123 1153 279 1242 ἀπῆλθον
307 1160 401 1223 λείαν
422 1158 580 1243 άῳθονον
602 1161 867 1244 περιβαλόμενοι.
912 1157 1055 1226 Αἰκανοὶ
1079 1157 1141 1245 μὲν

123 1258 186 1330 οὖν
212 1263 371 1342 πολλάκις
399 1266 447 1341 εἰς
473 1275 586 1352 χεῖρας
609 1263 766 1342 ἐλθόντες
788 1262 844 1330 καὶ
865 1267 991 1342 πολλάς
1012 1268 1141 1350 πληγάς

122 1372 281 1455 λαβόντες
313 1372 360 1448 εἰς
391 1371 450 1437 τὸν
482 1371 609 1457 χάρακα
641 1368 679 1436 ἐν
709 1369 816 1460 ἐχυρῷ
846 1374 955 1461 χωρίῳ
985 1375 1140 1456 κείμενον
1155 1401 1182 1442 10

38 1486 42 1492 '
121 1475 313 1562 κατέφυγον
339 1475 395 1543 καὶ
422 1480 460 1544 τὸ
482 1479 602 1544 λοιπὸν
625 1475 737 1543 οὐκέτι
759 1474 929 1565 προῄεσαν
952 1480 1000 1555 εἰς
1022 1478 1139 1565 μάχην.

121 1584 141 1651 ό
165 1580 202 1650 δὲ
222 1582 405 1671 Οὐαλέριος
427 1583 616 1672 ἐπεχείρησε
639 1580 702 1670 μέν
725 1584 952 1671 ἐκπολιορκεῖν
973 1584 1084 1652 αὐτῶν
1101 1587 1174 1663 τὸ2
1214 1621 1217 1628 -

122 1692 359 1777 στρατόπεδον,
382 1690 536 1777 έκωλόθη
556 1689 587 1757 δ’
606 1691 671 1758 ὑπὸ
690 1699 750 1758 τοῦ
770 1693 956 1777 δαιμονίου.
988 1694 1140 1776 προιόντι

47 1798 185 1884 1896γδρ
214 1798 303 1886 αὐτῷ
331 1793 387 1862 καὶ
413 1798 478 1881 ῆδη
505 1799 606 1885 ἔργου
635 1796 781 1888 ἐχομένῳ
810 1801 910 1885 ζόφος
935 1796 968 1877 ἐξ
992 1797 1140 1884 οὐρανοῦ

120 1908 249 1988 γίνεται
276 1901 331 1970 καὶ
359 1905 483 1991 όμβρος
509 1906 629 1990 πολύς,
661 1901 825 1991 ἀστραπαὶ
853 1901 891 1970 δὲ
917 1901 973 1970 καί
1000 1903 1139 1991 βρονταὶ
1154 1931 1181 1974 ιε

121 2014 271 2098 σκληραί.
304 2011 602 2096 διασκεδασθείσης
621 2008 658 2077 δὲ
676 2021 734 2097 τῆς
752 2020 905 2097 στρατιᾶς
923 2011 941 2075 ό
960 2033 995 2075 τε
1013 2013 1138 2096 χειμὼν

120 2117 226 2194 εὐθὺς
248 2115 414 2183 ἐπαύσατο
437 2115 493 2182 καὶ
514 2117 621 2201 πολλῆ
644 2115 779 2202 κατέσχε
803 2118 861 2182 τὸν
884 2117 988 2181 τόπον
1011 2118 1138 2202 αἰθρία.

119 2226 219 2290 τοῦτό
242 2246 277 2289 τε
300 2225 342 2308 δη
365 2225 403 2290 τὸ
427 2225 527 2310 ἔργον
545 2223 784 2309 ὀττευσάμενος
802 2223 821 2289 ὁ
840 2222 975 2307 όπατος,
997 2220 1139 2290 καὶτῶν

120 2331 272 2416 μάντεων
299 2333 498 2397 κωλυόντων
527 2333 574 2396 ἔτι
601 2335 793 2416 πολιορκεῖν
821 2331 859 2396 τὸ
885 2333 1025 2416 χωρίον,
1058 2325 1139 2396 ἀπο-

119 2434 255 2525 τραπεὶς
280 2439 342 2522 τῆν
364 2445 428 2522 γῆν
451 2437 562 2504 αὐτῶν
585 2436 721 2521 ἐκάκου,
744 2433 800 2501 καὶ
823 2436 885 2523 ὅση
909 2432 1042 2520 ἐπέτυχε
1066 2439 1139 2524 λείῳ
1152 2465 1180 2506 ιο

119 2555 190 2622 τοῖς
209 2544 422 2631 στρατιώταις
441 2545 572 2610 ἅπασαν
591 2544 795 2629 ὠφελεῖσθαι
815 2542 916 2629 ἐφείς,
939 2539 1065 2626 ἀπῆγεν
1084 2539 1134 2607 ἐπ’

120 2656 215 2717 οίκου
237 2652 300 2735 τῆν
323 2652 478 2736 δύναμιν.
519 2653 660 2740 Τιβερίῳ
680 2648 710 2716 δ’
727 2653 873 2740 Αἰμιλίῳ
897 2648 1054 2728 διεξιόντι
1075 2649 1174 2733 τῆυ3

119 2759 283 2842 πολεμίαν
307 2759 371 2823 σὺν
393 2761 499 2842 πολλῆ
522 2757 767 2842 καταφρονήσει
790 2752 860 2821 κατ’
883 2752 985 2843 ἀρχὰς
1006 2751 1062 2819 καὶ
1081 2754 1138 2821 οὐ·

121 2860 180 2929 δέν
209 2865 256 2929 ἐτι
285 2863 515 2948 προσδοκῶντι
543 2859 725 2930 ἀντίπαλον
754 2862 901 2948 ἐπῆλθεν
927 2862 948 2946 ἡ
977 2863 1138 2946 Σαβίνων

120 2967 335 3054 δύναμιςκαὶ
353 2972 480 3054 γίνεται
498 2968 586 3056 μάχη
605 2969 716 3035 αὐτῶν
734 2967 770 3034 ἐκ
788 2967 999 3056 παρατάξεως
1016 2968 1136 3053 μεσοό-
1150 2993 1176 3036 ει
1216 3057 1219 3062 Ι

120 3092 181 3162 σης
204 3077 344 3162 μάλιστα
366 3085 424 3160 τῆς
444 3074 568 3163 ἡμέρας
586 3072 751 3162 ἀρξαμένη
771 3073 866 3162 μέχρι
885 3075 1012 3152 δύσεως
1029 3073 1137 3157 ῆλίου.

192 3309 225 3359 11
250 3302 290 3368 εἰς
307 3304 359 3374 τῆν
377 3303 514 3376 μάχηνΑ
586 3308 620 3358 13
643 3304 771 3375 προιόντι
790 3302 813 3358 Ο
836 3301 981 3374 προσιόντι
1000 3318 1022 3356 ο.
1041 3299 1139 3356 Κὶεεε-

119 3374 181 3446 ling
246 3380 280 3429 14
299 3377 441 3500 οδρανοῦχ
456 3373 574 3446 αἰθρίου
592 3375 618 3428 A
683 3382 714 3431 18
733 3394 763 3430 τε
783 3373 890 3428 add&
956 3379 988 3429 19
1008 3372 1051 3428 ότι
1071 3374 1137 3427 ουλε

119 3451 280 3517 πολιορκεῖν
299 3446 322 3500 Β
342 3463 395 3504 om.
464 3445 505 3502 ἔτι
522 3467 552 3502 ιτ.
577 3445 700 3501 Sintenis
719 3446 780 3500 Em.
799 3444 881 3503 Dion.
901 3444 993 3500 [1129
1101 3450 1137 3500 20

120 3526 172 3588 γῆν
192 3514 222 3586 ἐξ
241 3519 334 3574 αὐτῶν
352 3518 428 3572 ABa
446 3525 499 3589 γῆν
518 3560 525 3576 .
541 3559 548 3575 .
567 3519 661 3574 αὐτῶν
678 3517 726 3571 Bb

921 3607 976 3659 24*
