2586 3972
563 224 732 273 -Η-

139 387 273 449 καλοῖεν
301 383 346 460 ὡς
373 381 669 470 ἀρχαιρεσιάσοντα
695 385 755 448 τὸν
783 384 908 467 δῆμον,
940 383 1002 448 οὐκ
1029 381 1170 469 ἐπέτρε-

139 510 204 555 πον
234 490 271 554 οί
296 489 416 555 ὕπατοι
445 491 506 574 την
537 489 691 568 ἐξουσίαν
725 492 855 576 ἔχοντες
888 498 949 556 τοῦ
980 495 1263 572 συγκαλεῖνῑτ33

139 599 218 674 τοὺς
241 599 360 682 λόχους
386 599 442 662 καὶ
468 599 527 674 τάς
553 599 687 682 ψήφους
710 595 919 662 ἀναδιδόναι.
963 600 1169 682 κατηγορίαι

140 699 167 766 τ’
191 700 345 787 ἀλλήλων
364 702 515 786 ἐγίνοντο
534 701 589 768 καὶ
608 713 759 788 συνεχεῖς
777 702 953 790 ἁψιμαχίαι
972 701 1050 769 καθ’
1073 701 1167 768 ἑται-

114 813 215 895 5ρίας
238 807 499 894 συνισταμένων,
522 811 605 874 ὥστε
623 807 678 874 καλ
696 811 824 894 πληγάς
846 809 1002 894 ἀλληλοις
1024 810 1165 874 διδόναι

140 916 233 993 τινάς
254 913 310 980 ὑπ’
337 917 449 1004 ὀργῆς,
478 914 534 982 καλ
556 915 598 982 οὐ
621 918 750 1002 μακράν
774 916 933 1002 ἀποσχεῖν
955 918 1017 1001 τὴν
1039 915 1164 981 στάσιν

105 1023 206 1087 θεῶν
230 1021 350 1088 ὅπλων.
396 1033 498 1089 ταῦτα
525 1019 682 1108 μαθοῦσα
708 1023 729 1106 ἡ
757 1024 862 1108 βουλὴ
890 1025 997 1089 πολὺν
1025 1021 1164 1088 ἐσκόπει

139 1131 275 1214 χρόνον,
298 1129 317 1194 ό
339 1153 371 1194 τι
394 1131 549 1215 χρήσεται
567 1142 637 1207 τοῖς
655 1130 856 1215 πράγμασιν,
879 1131 956 1195 οὔτε
974 1128 1165 1213 βιάσασθαι

140 1235 309 1320 δυναμένη
338 1237 398 1301 τὸν
427 1237 535 1321 δῆμον
562 1233 635 1301 οὔτ’
662 1231 745 1314 εἶξαι
767 1234 966 1320 βουλομένη.
1011 1230 1054 1319 ἦν
1078 1232 1110 1300 δ’
1140 1235 1163 1320 ἡ

101 1357 127 1397 1⁰
140 1337 202 1425 μὲν
224 1341 454 1426 αὐθαδεστέρα
473 1345 588 1428 γνάμη
607 1343 784 1428 δικτάτορα
803 1340 940 1407 ἑλέσθαι
958 1353 1026 1408 τῶν
1043 1341 1164 1429 ἀρχαι-

141 1458 262 1533 ρεσιῶν
286 1448 394 1534 ἕνεκα,
417 1449 457 1515 ὃν
480 1449 522 1515 ἀν
545 1449 691 1532 ἡγῶνται
714 1449 891 1532 κράτιστον
915 1444 1013 1515 εἶναι·
1036 1451 1095 1515 τὸν
1122 1446 1164 1514 δὲ

140 1557 286 1641 λαβόντα
313 1558 374 1640 τὴν
398 1555 551 1634 ἐξουσίαν
575 1557 653 1633 τούς
680 1579 715 1620 τε
738 1559 938 1634 νοσοποιοὺς
961 1555 997 1621 ἐκ
1019 1565 1076 1640 τῆς
1097 1559 1162 1621 πό-

140 1663 223 1736 λεως
242 1659 376 1746 ἐξελεῖν,
396 1661 452 1728 καὶ
470 1669 505 1728 εί
519 1686 550 1728 τι
568 1662 752 1749 ἡμάρτηται
770 1674 842 1741 ταῖς
859 1666 1023 1749 πρότερον
1042 1661 1164 1748 ἀρχαῖς

142 1764 465 1853 ἐπανορθώσασθαι,
500 1771 560 1834 τόν
594 1793 628 1834 τε
661 1773 788 1855 κόσμον
818 1780 879 1837 τοῦ
908 1770 1162 1854 πολιτεύματος,

100 1887 126 1928 1⁵
141 1871 181 1938 ὃν
203 1874 371 1958 βούλεται,
392 1876 683 1961 καταστησάμενον
711 1875 853 1963 ἀνδράσι
880 1887 950 1954 τοῖς
971 1879 1163 1962 κρατίστοις

104 1977 326 2046 4ἀποδοῦναι
348 1982 407 2058 τάς
430 1981 538 2068 ἀρχάς.
584 1982 605 2065 η
630 1979 660 2046 δ’
687 1981 906 2068 ἐπιεικεστέρα
929 1984 1163 2066 μεσοβασιλεῖς

141 2083 276 2151 ἑλέσθαι
294 2089 374 2163 τοὺς
391 2088 638 2173 πρεσβυτάτους
655 2111 690 2153 τε
708 2087 765 2154 καί
782 2088 1003 2173 τιμιωτάτους
1021 2089 1163 2174 ἀνδρας,

141 2182 191 2268 οἷς
213 2189 364 2277 ἐπιμελὲς
386 2195 476 2258 ἐσται
499 2194 539 2258 τά
561 2192 638 2279 περὶ
660 2196 718 2272 τὰς
740 2193 853 2280 ἀρχάς,
877 2193 965 2270 ὅπως
986 2193 1164 2279 κράτισται

141 2299 337 2380 γενήσονται
344 2348 354 2384 ,
390 2305 642 2386 προνοηθῆναι,
673 2302 734 2366 τὸν
757 2301 859 2366 αὐτὸν
888 2304 1024 2387 τρόπον,
1056 2301 1164 2386 ὅνπερ

100 2418 127 2458 10
142 2401 196 2469 ἐπὶ
223 2415 290 2470 τῶν
318 2404 484 2491 βασιλέων
511 2416 579 2471 τῶν
607 2406 811 2473 ἐκλιπόντων
844 2405 1005 2490 ἐγίνοντο.
1054 2407 1165 2494 ταύτῃ

140 2509 381 2597 προσθεμένων
410 2521 449 2597 τῇ
485 2514 600 2598 γνώμη
630 2524 697 2580 τῶν
726 2517 891 2579 πλειόνων
922 2513 1247 2586 ἀποδείκνυταιετεε

140 2619 223 2704 πρὸς
255 2618 380 2684 αὐτῶν.
399 2623 638 2705 μεσοβασιλεὺς
664 2616 777 2698 Αὖλος
804 2621 1022 2705 Σεμπρώνιος
1044 2616 1164 2704 Ἀτρα-

106 2723 243 2802 5τῖνος·
267 2727 305 2790 αί
325 2723 356 2791 δ’
377 2727 475 2792 ἀλλαι
498 2728 730 2812 κατελύθησαν
754 2726 861 2813 ἀρχαί.
907 2723 1006 2802 οὗτος
1029 2725 1163 2812 ἐπιτρο-

139 2833 263 2909 πεύσας
285 2833 346 2916 την
368 2835 467 2898 πόλιν
491 2833 711 2899 ἀστασίαστον
735 2835 814 2910 ὅσας
841 2832 918 2916 ἐξῆν
944 2830 1068 2918 ἡμέρας
1091 2831 1163 2898 ἕτε-

99 2954 125 2995 15
140 2961 201 3021 ρον
234 2937 488 3023 ἀποδείκνυσιν,
522 2941 631 3024 ὥσπερ
652 2941 777 3018 ,αὐτοῖς
808 2943 888 3017 ἔθος
913 2934 989 3023 ἦν,
1005 2942 1163 3026 Σπόριον

139 3044 297 3131 Λάρκιον.
343 3043 495 3124 κάκεῖνος
519 3046 722 3130 συγκαλέσας
744 3048 805 3131 τὴν
829 3052 958 3132 λοχῖτιν
981 3045 1163 3130 ἐκκλησίαν

213 3209 224 3255 1
246 3202 497 3270 ἀρχαιρεσιάζοντα
515 3204 568 3257 ΑΒ
656 3211 672 3258 4
692 3199 820 3274 ἐγίνοντο
839 3209 964 3274 συνεχεῖς
982 3204 1031 3258 καὶ
1050 3202 1162 3272 ἁψιμα-

140 3273 199 3340 χίαι
218 3289 240 3325 ο.
260 3271 405 3342 Kiessl'mg
487 3282 518 3330 17
539 3295 568 3330 τε
587 3276 636 3330 καί
653 3275 836 3346 τιμιωτάτους
855 3293 909 3330 om.
928 3276 951 3328 B
1031 3281 1065 3329 20
1085 3270 1163 3328 ἐκλι-

138 3341 250 3396 πόντων
268 3342 346 3397 ΑΒε
365 3340 550 3400 ἐκλειπόντων
570 3348 615 3400 Bb
693 3355 725 3402 21
746 3348 968 3402 ἀποδείκνυνται
986 3345 1065 3400 ABG
1086 3363 1160 3402 corr.

140 3411 215 3482 Cmg
323 3421 356 3468 22
376 3419 566 3488 μεσοβασιλεῖς
590 3418 669 3474 ABG
694 3435 763 3473 corr.
784 3417 858 3487 Omg
881 3419 1104 3473 ἀποδείκνυνται
1125 3451 1161 3459 -

140 3485 339 3555 μὲσθβασιέὃῖε,
359 3495 467 3555 πρῶτος
485 3489 536 3558 μὲν
555 3486 642 3552 Αὖλος
661 3507 684 3544 c.
704 3489 846 3559 Kiessling
