2656 3974
559 228 726 282 -Θ-
1086 231 1149 295 367

133 392 379 473 καθεστήκασιν
403 388 537 478 άπορίηι·
560 387 617 454 καὶ
640 390 691 455 ὅτι
713 392 842 457 τούτων
866 391 1005 469 οὐδενὸς
1026 392 1152 477 άπηλά-

134 503 267 581 σθησαν
289 491 370 562 οὐδὲ
393 507 488 584 μεῖον
507 495 684 581 ἐκτήσαντο
704 496 740 563 ἐν
759 507 829 575 ταῖς
848 499 1022 584 διανομαῖς
1040 500 1076 564 οί
1090 501 1152 584 τήν

134 601 277 690 ἀπορίαν
301 602 511 688 ὀδυρόμενοι.
546 597 607 690 ἆρ’
635 597 698 671 οὖν
722 605 778 669 διὰ
800 605 1000 683 ταύταςτὰς
1023 602 1187 690 ἐπικτή-2

135 725 203 786 σεις
227 708 545 796 ἐπανορθωσάμενοι
567 712 748 795 φαίνονταί
763 733 794 776 τι
817 719 875 796 τῆς
893 717 1035 790 παλαιάς
1052 713 1152 799 τύχης

133 813 190 880 καὶ
212 818 480 900 προεληλυθότες
502 818 551 894 είς
573 814 771 902 ἐπιφάνειαν
793 829 863 895 τοῖς
885 821 985 903 βίοις;
1015 817 1152 902 ἐβουλό-
1178 844 1191 886 ο

122 945 202 1007 ,μην
229 919 291 1006 μὲν
318 920 361 988 άν
388 919 444 988 καὶ
466 928 561 1000 θεοίς
582 922 745 1009 εὐξάμην,
773 925 829 991 ἵνα
851 919 952 1008 ήττον
974 920 1061 1009 ἦσαν
1085 923 1152 990 ἐπί-

135 1042 253 1112 σκηνοι
271 1027 414 1114 λυπηροὶ
432 1037 472 1115 τῇ
491 1032 599 1114 πόλει,
617 1039 681 1096 νῦν
701 1027 731 1095 δ’
750 1030 848 1116 ὁρᾶτε
866 1032 929 1118 γάρ
948 1030 1004 1098 καὶ
1018 1030 1152 1098 ἀκούετε

60 1133 247 1202 1889αὐτών
268 1133 496 1221 ὀδυρομένων,
520 1135 571 1203 ὅτι
594 1135 631 1202 ἐν
655 1135 774 1224 ἐσχάτη
797 1135 884 1203 είσλν
903 1136 1034 1225 άπορίηι.
1072 1135 1147 1203 ὥστ’

134 1238 208 1306 οὐδ’
231 1242 262 1306 εί
284 1250 397 1325 ταῦτα,
421 1241 442 1307 ά
464 1249 538 1306 νῦν
553 1244 736 1328 αἰτοῦνται,
758 1241 814 1308 καὶ
838 1244 886 1308 ἐτι
903 1247 1005 1309 πλείω
1024 1245 1153 1310 τούτων

134 1347 281 1432 λάβοιεν,
305 1347 600 1434 ἐπανορθώσονται
622 1351 700 1426 τοὺς
721 1350 825 1434 βίους.
871 1348 912 1414 οὐ
935 1351 997 1435 γάρ
1021 1347 1058 1414 ἐν
1081 1338 1192 1453 wig}

133 1454 248 1539 τύχαις
271 1453 381 1520 αὐτῶν
405 1453 529 1521 ἐνοικεῖ
549 1454 587 1519 τὸ
605 1455 747 1539 άπορον,
770 1450 842 1520 ἀλλ’
866 1453 902 1520 ἐν
921 1465 990 1532 τοῖς
1008 1457 1151 1540 τρόποις·

134 1559 194 1636 οδς
217 1559 278 1646 οὐχ
301 1551 376 1627 οἷον
396 1553 423 1627 δ’
437 1562 565 1646 βραχὺς
583 1555 681 1638 οὗτος
699 1559 903 1648 ἐκπληρώσει
921 1565 1053 1646 κλῆρος,
1077 1558 1149 1626 ἀλλ’

133 1663 207 1731 οὐδ’
235 1667 273 1731 αί
298 1668 468 1753 σύμπασαι
496 1664 662 1751 βασιλέων
685 1691 719 1733 τε
743 1665 800 1734 καί
822 1668 998 1754 τυράννοιν
1020 1669 1151 1755 δωρεαί.

133 1770 303 1857 δράσομέν
320 1771 364 1859 τ’,
387 1775 419 1838 εί
435 1771 613 1839 καὶταῦτα
632 1777 891 1861 συγχωρήσομεν
910 1775 1034 1859 αὐτοῖς,
1054 1774 1152 1858 ὅμοια

133 1889 204 1956 τοῖς
224 1881 307 1965 πρὸς
324 1878 452 1962 ήδονήν
470 1881 699 1965 θεραπεύουσι
717 1884 796 1958 τοὺς
813 1881 998 1967 κάμνοντας
1018 1881 1151 1966 ίατροίς.
1165 1905 1191 1947 15

135 1985 177 2052 οὐ
205 1987 268 2071 γάρ
295 1987 333 2052 τὸ
363 1995 488 2053 νοσοῦν
509 1985 752 2071 ὑγιασθήσεται
775 1995 833 2072 τῆς
854 1988 1020 2063 πολιτείας
1043 1983 1152 2073 μέρος,

134 2091 219 2158 άλλδι
243 2090 358 2158 καὶτὸ
381 2092 537 2175 ὑγιαῖνον
560 2092 742 2160 άπολαάσει
764 2101 822 2176 τής
843 2096 957 2158 νόσου.
1002 2094 1152 2158 καθόλου

133 2193 179 2285 τ’,
202 2193 228 2264 ώ
251 2202 369 2284 βουλή,
391 2204 516 2282 πολλῆς
538 2200 620 2284 ὑμῖν
643 2201 698 2267 δεῖ
719 2198 904 2284 ἐπιμελείας
921 2207 957 2263 τε
974 2195 1030 2264 καὶ
1049 2222 1152 2285 φρον-

134 2307 237 2390 τίδος,
260 2304 349 2383 ὅπως
371 2304 413 2372 άν
437 2307 564 2391 σώσητε
586 2306 675 2394 πάση
693 2308 868 2394 προθυμίη
887 2307 1152 2391 διαφθειρόμενα

134 2413 174 2478 τά
196 2414 265 2497 ήθη
289 2419 347 2496 τής
369 2415 504 2490 πόλεως.
542 2412 638 2499 ὁρᾶτε
661 2412 737 2497 γάρ,
760 2413 808 2488 είς
831 2411 852 2476 ά
874 2414 1106 2498 προελήλυθεν
1128 2403 1191 2515 ήξχ
1297 2489 1300 2496 ⁴

135 2528 195 2585 τοῦ
219 2520 327 2603 δήμου
350 2516 504 2604 άκοσμία,
526 2516 583 2583 καὶ
605 2519 650 2595 ὡς
673 2517 783 2585 οὐκέτι
803 2519 966 2604 ἄρχεσθαι
983 2519 1066 2605 πρὸς
1084 2529 1151 2584 τῶν

134 2625 271 2692 ὑπάτων
294 2623 394 2703 ἀξιοῖ·
419 2618 445 2714 ᾧ
469 2622 500 2709 μ’
528 2625 569 2690 οὐ
593 2621 789 2710 μετεμέλησε
811 2635 879 2690 τῶν
903 2622 1027 2690 ἐνθάδε
1050 2645 1151 2710 πρατ-

134 2729 297 2816 τομένων,
319 2730 404 2797 άλλδι
425 2729 482 2797 καὶ
501 2728 554 2796 ἐπὶ
573 2729 799 2817 στρατοπέδου
817 2733 879 2816 τήν
898 2730 1003 2813 αὐτήν
1021 2729 1152 2796 άπεδεί-

135 2836 213 2917 ξατο
236 2821 411 2923 ἀκοσμίαν,
434 2837 520 2903 ὅπλα
542 2858 577 2902 τε
601 2836 700 2922 ῥίψας
722 2835 778 2903 καὶ
800 2836 908 2916 τάξεις
930 2835 1073 2903 ἐκλιπών
1095 2834 1152 2901 καὶ

209 3072 222 3118 1
242 3066 451 3136 ἀπηλάσθησαν
469 3066 516 3120 Ba
534 3065 725 3135 ἀπηλάθησαν
743 3065 769 3119 Β
835 3071 851 3120 2
872 3059 903 3120 ἐν
921 3070 983 3128 ταῖς
1001 3067 1152 3135 διανομαῖς

135 3137 199 3193 add.
218 3137 241 3190 B
310 3143 326 3192 5
346 3132 445 3210 ἐβουλό
466 3157 502 3206 ην
521 3134 549 3191 δ’
571 3136 607 3192 διν
625 3139 648 3192 Β
717 3143 733 3192 6
752 3134 782 3191 ολ
799 3131 945 3206 ἐπίσκηνοι
965 3135 1151 3206 OpraeterB

136 3208 224 3262 9καλ
243 3205 285 3262 ἔτι
302 3207 388 3264 πλέον
406 3209 432 3262 A
480 3229 506 3265 κ.
526 3205 567 3262 ἔτι
584 3207 711 3263 πλείωΒ
821 3213 854 3261 13
874 3207 1018 3278 σάμττασαι
1036 3205 1150 3261 πάντων

135 3277 271 3352 βασιλέων
294 3295 318 3334 ο.
337 3279 441 3334 Reiske
541 3283 575 3334 14
598 3276 738 3349 δράσομέν
755 3299 784 3333 τι
803 3279 859 3348 είηε
878 3278 1009 3333 ταῦταΑ
1032 3279 1057 3334 δ.
1077 3297 1106 3332 τε
1126 3275 1153 3332 εί

134 3350 184 3405 καὶ
201 3352 334 3406 ταῦταΒ
421 3357 455 3406 17
478 3350 527 3405 καί
545 3367 600 3405 om.
619 3356 644 3406 A
729 3355 763 3405 18
787 3352 836 3404 δεῖ
850 3351 945 3406 om.B
970 3352 974 3420 Ι
999 3350 1151 3419 φροντίδος

134 3423 184 3476 δεῖ
197 3422 245 3476 Bb
327 3427 362 3477 20
386 3419 440 3492 ἔθη
461 3421 483 3477 0
507 3421 567 3491 ἤθη
587 3421 709 3491 Sylburg
734 3421 738 3494 Ι
765 3420 822 3476 sive
842 3429 894 3476 νῦν
914 3420 967 3492 ηδιρ
987 3420 1070 3491 ὁρᾶτε
1090 3419 1149 3476 sive

136 3491 218 3565 ὁρᾶτε
237 3493 391 3564 legendum
409 3509 470 3548 εεεο
490 3509 512 3548 ο.
532 3493 633 3548 Portus
