2656 3974
577 195 743 248 -9-

152 357 404 444 ἀπεκομίζοντο,
430 362 646 434 τελευτῶντες
668 354 716 440 δ’,
743 350 792 422 ών
814 355 983 443 ἐλάχιστος
1004 351 1048 441 ἡν
1071 356 1090 424 ὁ
1113 361 1182 449 λό-,

152 489 223 550 γος,
238 468 287 544 είς
299 468 337 532 τὸ
351 474 411 531 τοῦ
424 461 671 550 παραρρέοντος
683 473 834 549 ποταμοῦ
848 465 988 550 ῥεῖθρον
1003 461 1169 529 ὠθοῦντο.

152 584 220 640 τῶν
252 569 286 637 δ’
320 570 357 638 ἐκ
386 581 448 637 τοῦ
479 574 699 655 βουλευτικοῦ
731 571 912 655 συνεδρίου
942 572 981 636 τὸ
1012 567 1171 655 τέταρτον

152 677 252 765 μέρος
279 681 504 761 συνελογίσθη
532 674 800 762 διεφθαρμένον,
826 675 864 741 έν
891 666 942 753 οἶς
963 671 1050 760 ἡσαν
1072 676 1109 741 οἳ
1127 671 1165 739 θ’
1173 697 1245 748 1932

124 785 272 850 εώπατοι
312 784 494 870 ἀμφότεροι
534 780 590 848 καὶ
629 794 698 848 τῶν
738 782 918 868 δημάρχων
954 783 990 848 οί
1022 784 1169 859 πλείους.

116 899 138 964 3
151 889 273 976 ἤρξατο
291 885 354 974 μέν
371 883 435 956 οὖν
452 889 473 972 ἡ
491 891 592 966 νόσος
605 886 681 974 περὶ
693 889 752 966 τὰς
765 889 933 966 καλάνδας
944 897 1006 954 τοῦ
1020 893 1170 972 Σεπτεμ

151 999 250 1082 βρίου
277 998 397 1080 μηνός,
425 993 570 1080 διέμεινε
598 991 635 1060 δέ
659 997 720 1062 τὸν
743 993 898 1061 ἐνιαυτὸν
922 993 1052 1061 ἐκείνου
1075 995 1169 1080 ὅλον,

151 1103 282 1168 ἅπασαν
306 1102 428 1186 δμοίως
450 1102 750 1186 καταλαμβάνουσα
771 1099 826 1167 καὶ
849 1099 1085 1187 διεργαζομένη
1104 1103 1170 1186 φό·

152 1226 208 1274 σιν
234 1231 270 1274 τε
297 1206 354 1274 καί
380 1209 522 1292 ἡλικίαν.
567 1206 748 1293 γενομένης
775 1204 813 1273 δέ
834 1219 905 1286 τοῖς
925 1209 1170 1295 πλησιοχώροις

112 1337 138 1378 ιο
151 1315 305 1399 γνώσεως
334 1326 402 1381 τῶν
430 1318 636 1402 κατεχόντων
665 1315 727 1398 τὴν
751 1311 879 1399 Ῥώμην
907 1324 1035 1399 κακῶν,
1063 1317 1169 1382 καλὸν

151 1421 356 1506 ἡγησάμενοι
379 1423 498 1508 καιρὸν
522 1417 651 1512 <είναι>
671 1422 816 1487 Αἰκανοί
830 1443 864 1486 τε
882 1418 938 1486 καὶ
958 1421 1168 1488 Οὐολοῦσκοι

150 1532 331 1593 καταλῦσαι
359 1529 421 1612 τὴν
444 1527 551 1614 ἀρχὴν
573 1527 690 1612 αὐτῆς,
718 1529 888 1610 συνθήκας
909 1551 945 1593 τε
967 1526 1023 1594 καὶ
1046 1528 1168 1616 ὅρκους

150 1632 350 1718 ἐποιήσαντο
371 1637 455 1720 πρὸς
477 1635 643 1718 ἀλλήλους
664 1631 740 1720 περὶ
763 1636 963 1720 συμμαχίας·
985 1631 1042 1700 καί
1061 1655 1167 1720 παρα-

151 1739 391 1824 σκευασάμενοι
422 1741 463 1806 τά
490 1743 538 1819 εἰς
565 1743 761 1828 πολιορκίαν
788 1739 972 1826 ἐπιτήδεια,
1002 1741 1048 1818 ώς
1075 1736 1168 1827 εἶχον

111 1829 332 1943 ἷξάμφότεροι
359 1847 493 1932 τάχους,
522 1847 641 1932 ἐξὴγον
666 1849 725 1925 τάς
752 1848 918 1932 δυνάμεις.
963 1849 1020 1913 ἵνα
1044 1844 1082 1913 δέ
1104 1849 1167 1932 τὴν

150 1950 214 2018 ἀπὸ
241 1963 310 2018 τῶν
336 1955 519 2040 συμμάχων
547 1952 724 2039 ἀφέλοιντο
750 1963 808 2039 τῆς
825 1951 950 2038 Ῥώμης
972 1953 1167 2037 ἐπικουρίαν

149 2059 197 2136 είς
214 2058 275 2142 τὴν
289 2062 445 2126 Λατίνων
464 2084 499 2126 τε
518 2058 573 2126 καὶ
587 2058 748 2146 Ἑρνίκων
767 2069 830 2144 γῆν
849 2071 983 2146 πρῶτον
998 2058 1165 2144 ἐνέβαλον.

149 2161 354 2248 ἀφικομένης
377 2161 414 2230 δέ
436 2168 611 2254 πρεσβείας
633 2164 687 2231 ἐπὶ
707 2168 769 2251 τὴν
786 2168 915 2251 βουλὴν
933 2164 990 2252 ἀφ’
1009 2164 1166 2252 ἑκατέρου
1302 2252 1308 2266 ¹

148 2280 216 2334 τῶν
243 2268 502 2355 πολεμουμένων
529 2274 641 2338 ἐθνῶν
669 2271 724 2338 ἐπὶ
751 2276 937 2358 συμμαχίας
957 2273 1166 2357 παράκλησιν

110 2374 168 2444 εοό
196 2370 257 2459 μὲν
285 2375 394 2464 ἕτερος
417 2388 484 2443 τῶν
507 2376 642 2444 ὑπάτων
664 2380 808 2456 Λεύκιος
831 2380 1011 2464 Αίβοότιος
1034 2378 1166 2464 ἐκείνην

149 2483 242 2567 έτυχε
270 2483 331 2566 τὴν
358 2480 485 2569 ἡμέραν
511 2486 696 2569 τεθνηκώς,
725 2489 873 2563 Πόπλιος
902 2482 939 2552 δὲ
968 2489 1166 2569 Σερουίλιος

149 2587 248 2673 ἐγγὺς
275 2589 323 2654 ὢν
351 2600 411 2656 τοῦ
438 2591 602 2656 θανάτου·
636 2591 673 2668 ὃς
698 2595 746 2658 ἔτι
769 2592 885 2676 ὀλίγον
908 2591 1059 2677 ἐμπνέων
1084 2609 1237 2661 συν-1933

114 2696 259 2770 5εκάλει
281 2696 342 2779 τὴν
365 2698 501 2780 βουλήν.
547 2707 615 2764 τῶν
638 2695 670 2763 δ’
696 2699 732 2764 οί
751 2702 886 2776 πλείους
907 2699 1089 2783 ἡμιθνῆτες
1111 2697 1166 2764 ἐπὶ

149 2801 322 2866 κλινιδίων
341 2801 556 2886 κομισθέντες
574 2801 629 2869 καὶ
647 2806 929 2890 συνεδρεύσαντες
944 2803 1164 2891 ἀπεκρίναντο

109 2932 135 2974 ω
148 2917 218 2983 τοῖς
245 2916 411 2993 παροῦσιν
439 2906 613 2992 ἀγγέλλειν
640 2921 710 2987 τοῖς
737 2909 924 2998 σφετέροις,
955 2912 1005 2978 ὅτι
1029 2913 1085 2977 διὰ
1107 2921 1167 2996 τῆς

148 3009 275 3080 ἑαυτῶν
312 3012 429 3099 ἀρετῆς
464 3017 542 3091 τοὺς
573 3019 753 3101 πολεμίους
785 3015 972 3102 ἀμύνεσθαι
1004 3017 1025 3101 ἡ
1057 3019 1165 3102 βουλὴ

148 3120 261 3197 αὐτοῖς
293 3118 474 3206 ἐπιτρέπει,
505 3118 619 3207 μέχρις
646 3121 689 3188 διν
717 3124 734 3189 ὁ
763 3123 886 3201 ὕπατος
914 3124 1031 3210 ῥαίσῃ,
1061 3122 1117 3190 καὶ
1144 3124 1165 3208 ἡ

219 3317 232 3365 1
253 3330 283 3366 τε
303 3311 325 3366 0
345 3311 377 3366 δὲ
397 3311 520 3381 sylburg
543 3316 547 3383 Ι
574 3313 662 3369 ὁδελ
683 3315 773 3370 Cobet
791 3315 857 3371 obs.
876 3334 904 3385 p.
925 3322 977 3372 185
1056 3323 1166 3386 λπαρ-

147 3379 342 3505 ἓαρ>ρέοντος
361 3384 382 3436 Β
500 3389 531 3438 11
558 3381 630 3472 εἶναι
651 3385 716 3440 add.
736 3385 881 3458 Kiessling
904 3385 979 3458 ἔχειν
998 3385 1117 3443 Αἰκανοί
1141 3405 1164 3446 ο.

171 3454 238 3507 obet
257 3451 322 3508 obs.
341 3470 368 3522 p.
390 3458 441 3507 185
514 3460 548 3510 27
567 3474 648 3526 μεχρι
667 3458 712 3512 Ba
