2656 3974
599 245 767 299 -Θ..

175 413 315 489 σκότους
339 405 369 475 δ’
392 407 674 494 ἐπιλαμβάνοντος
692 404 889 495 ἀνεχώρουν
907 407 945 472 αί
961 406 1122 493 δυνάμεις
1141 406 1198 474 ἐπὶ

175 521 255 596 τοὺς
285 515 412 582 ἑαυτῶν
442 517 586 602 χάρακας
613 516 690 581 οὔτε
717 526 856 581 νικῶσαι
886 515 963 580 οὔτε
991 516 1198 599 λειπόμεναι.

139 627 249 702 4ταίς
276 621 307 689 δ’
333 621 407 708 ἑξῆς
429 620 566 709 ἡμέραις
588 623 728 709 νεκρούς
749 645 784 687 τε
806 624 887 699 τούς
909 618 1038 687 ἑαυτῶν
1061 620 1200 708 ε’κὴδευ-

177 748 241 798 σαν
265 731 301 796 οί
320 731 481 814 ἡγεμόνες
502 727 558 795 καὶ
580 729 725 816 χάρακας
748 727 966 813 ἐξωρύξαντο,
988 725 1044 794 καὶ
1061 731 1200 814 γνώμας

150 839 236 916 στὰς
258 837 359 914 αύτάς
382 831 474 922 εἶχον
497 833 657 922 ἑκάτεροι,
681 836 737 901 διὰ
756 841 907 920 φυλακῆς
923 835 965 901 τά
983 836 1089 900 οἰκεῖα
1107 837 1199 922 ἔχειν

177 942 233 1010 καί
256 940 370 1028 μηκέτι
393 942 508 1028 άρχειν
531 942 645 1028 μάχης.
684 943 795 1007 ἔπειτα
818 943 882 1007 σὺν
904 944 1015 1032 χρόνῳ
1037 941 1096 1018 τδις
1119 957 1273 1025 aun-1897

178 1051 240 1127 νὰς
263 1049 424 1126 λύσαντες
446 1043 578 1132 άπὴγον
599 1048 658 1124 τδις
680 1048 848 1133 δυνάμεις.

244 1154 330 1222 LVI.
359 1150 415 1220 Ἐν
444 1150 482 1220 δὲ
508 1162 554 1242 τῷ
582 1155 663 1239 μετὰ
690 1155 830 1232 τούτους
851 1157 930 1232 τοὺς
952 1154 1099 1232 ὑπάτους
1121 1157 1201 1240 ἔτει,
1323 1191 1324 1244 η

178 1265 262 1329 κατὰ
295 1264 357 1347 τὴν
392 1259 641 1347 ἑβδομηκοστὴν
673 1259 729 1327 καὶ
759 1261 884 1346 ὀγδόην
913 1261 1119 1346 ὀλυμπιάδα,
1155 1261 1201 1346 ἡν
1323 1321 1324 1328 ,

140 1393 166 1435 ιο
180 1370 273 1436 ἐνίκα
310 1368 447 1435 στάδιον
483 1369 699 1454 Παρμενίδης
734 1367 1008 1453 Ποσειδωνιάτης
1034 1367 1202 1456 Ἀθὴνησι
1323 1343 1324 1434 λ

179 1479 241 1561 τὴν
265 1475 435 1541 ἐνιαύσιον
458 1473 565 1561 άρχὴν
588 1476 723 1561 ἔχοντος
747 1475 968 1558 Θεαγενίδου,
995 1476 1201 1562 κατεστάθη·

181 1600 244 1649 σαν
262 1581 383 1648 ύπατοι
399 1579 568 1666 Ῥωμαίων
587 1575 700 1658 Αὖλος
719 1580 916 1668 Οὐεργίνιος
934 1584 1202 1666 Καιλιμοντανὸς

180 1687 236 1756 καί
260 1692 356 1765 Τίτος
373 1691 538 1772 Νομίκιος
551 1691 709 1774 Πρίσκος.
741 1690 816 1775 άρτι
835 1685 866 1754 δ’
884 1689 995 1754 αὐτῶν
1011 1690 1075 1773 τὴν
1094 1688 1202 1777 άρχὴν
1323 1687 1324 1696 ’

181 1795 437 1881 παρειληφότων
465 1791 658 1877 άγγὲλλεται
687 1795 822 1881 στρατιὰ
846 1792 1072 1862 Οὐολούσκων
1093 1797 1203 1880 πολλὴ
1323 1787 1324 1792 ¹

143 1921 169 1962 τι
182 1909 344 1989 παροῦσα.
390 1898 446 1966 καὶ
473 1897 543 1984 μετ’
569 1900 611 1967 οὐ
637 1903 724 1967 πολὺ
752 1912 820 1967 τῶν
847 1905 1051 1988 περιπολίων
1078 1927 1111 1968 τι
1134 1914 1203 1970 τῶν

179 2006 369 2093 Ῥωμαϊκῶν
396 2004 429 2084 ἐξ
458 2005 584 2090 ἐφόδου
611 2003 828 2093 καταληφθὲν
855 2005 993 2072 ἐκαίετο·
1027 2003 1071 2092 ἡν
1099 2006 1129 2074 δ’
1161 2009 1204 2076 οὐ

185 2116 241 2181 διδ
264 2123 392 2199 μακροῦ
415 2122 473 2198 τῆς
485 2110 620 2197 Ῥώμης,
642 2111 698 2178 καὶ
721 2114 739 2180 ὁ
763 2114 888 2190 καπνὸς
909 2114 1050 2197 ἡγγελλε
1071 2126 1142 2192 τοῖς
1165 2115 1205 2182 ἐν

148 2221 223 2306 2τὴ
246 2223 341 2286 πόλει
363 2221 400 2286 τὸ
423 2219 541 2296 πάθος.
587 2221 660 2286 τότε
683 2216 744 2305 μὲν
769 2214 832 2286 ούυ
855 2258 897 2267 -
921 2218 976 2285 καὶ
1000 2221 1063 2307 γάρ
1086 2216 1130 2305 ἡν
1154 2224 1276 2288 ἒτι1898
1323 2225 1324 2312 λ

185 2325 245 2404 νύξ
273 2363 311 2373 -
338 2327 446 2404 ίππείς
468 2348 562 2403 τινας
584 2325 836 2404 ἀποστείλαντες
859 2324 913 2392 ἐπὶ
935 2329 1147 2413 κατασκοπὴν
1171 2329 1208 2395 οί

145 2451 171 2494 το
184 2433 305 2500 ύπατοι
327 2430 383 2498 καὶ
401 2433 553 2518 φυλακάς
569 2435 830 2516 καταστήσαντες
847 2431 902 2499 ἑπί
920 2444 990 2511 τοῖς
1007 2438 1130 2520 τείχεσι
1148 2434 1206 2503 καί

185 2538 281 2606 αὐτοὶ
299 2539 475 2626 ταξάμενοι
492 2541 557 2625 πρὸ
576 2551 643 2606 τῶν
662 2545 778 2606 πυλῶν
794 2543 858 2606 σὺν
871 2551 942 2618 τοῖς
955 2541 1205 2627 εὐζωνοτάτοις,
1323 2535 1324 2602 λ

185 2645 374 2732 ἐξεδέχοντο
392 2647 452 2724 τδις
469 2647 558 2732 παρὰ
576 2657 643 2713 τῶν
659 2645 784 2713 ίππέων
800 2644 967 2730 ἀγγελίας·
991 2648 1035 2725 ὡς
1050 2645 1081 2713 δ’
1098 2647 1206 2735 ἡμέρα
1323 2653 1324 2682 ¹

184 2752 213 2820 τ’
236 2752 378 2838 ἐγένετο,
401 2750 456 2818 καί
480 2755 706 2839 συνήθροιστο
729 2753 841 2832 αὐτοῖς
864 2753 884 2837 ἡ
908 2753 945 2820 ἐν
967 2763 1007 2840 τῇ
1031 2758 1126 2821 πόλει
1146 2757 1206 2821 δύ-

257 3024 273 3072 2
298 3011 451 3141 ἑαυτ<ῶνέ
469 3016 517 3071 Bb
542 3020 546 3086 Ι
571 3019 638 3087 post
657 3016 783 3087 χάρακας
801 3033 873 3071 eras.
892 3017 941 3070 καλ
960 3010 1009 3069 B·
1088 3021 1106 3072 4
1128 3039 1159 3074 τε
1179 3019 1209 3074 οἱ

185 3088 321 3159 ἡγεμόνες
339 3089 404 3151 τοὺς
467 3092 471 3157 Ι
491 3091 557 3158 post
575 3087 701 3159 χάρακας
719 3087 790 3142 haee
809 3089 909 3142 verba:
928 3086 1121 3159 ὑψηλοτέρους
1141 3086 1208 3164 ἐβά-

186 3165 267 3215 λοντο
286 3158 344 3231 (vel
361 3159 490 3230 ἤγειραν)
514 3158 562 3214 καλ
580 3159 706 3230 τάφρους
725 3157 886 3232 βαθυτέρας
904 3158 961 3230 (vel
978 3159 1141 3232 εύρυτὲρας)
1165 3162 1208 3216 in-
1323 3197 1324 3202 =

188 3231 307 3287 serenda
326 3247 387 3285 esse
407 3234 503 3286 censet
520 3229 650 3286 Hertlein
668 3231 785 3286 Hermes
804 3231 829 3284 X
848 3237 901 3286 418
975 3238 1008 3286 10
1027 3235 1209 3303 Παρμενίτης
1323 3233 1324 3260 ³

186 3303 210 3357 B
235 3305 240 3372 Ι
262 3299 396 3375 Ἀθήνησι
415 3301 447 3356 δὲ
467 3301 489 3357 0
508 3303 621 3372 praeter
638 3301 664 3355 A
745 3306 779 3356 12
803 3300 987 3370 Νομεντανὸς
1007 3301 1029 3357 0
1053 3307 1209 3374 Καιλιμον-

187 3373 272 3437 τανὸς
291 3373 423 3428 Gelenius
524 3379 557 3426 13
580 3389 631 3443 pro
651 3373 791 3443 Νομίκιος
809 3372 886 3441 apud
904 3373 1073 3444 Diodorum,
1095 3375 1210 3432 Livium
1323 3417 1324 3424 ,

189 3444 318 3568 ρλίοεαχιρ
335 3443 494 3566 ΙΙλΞΙινούκιος
513 3446 606 3500 exstat
684 3449 717 3498 15
739 3443 914 3516 περιπόλεων
932 3443 959 3498 Α
1031 3450 1066 3500 16
1090 3441 1120 3512 ἐξ
1140 3442 1209 3516 ἑφό-

209 3530 278 3568 οοιι
320 3557 324 3569 .
779 3560 807 3572 ..
1157 3544 1161 3554 =
