2660 3976
530 221 691 270 -z-
1075 220 1119 285 99

109 379 275 464 δυνάμεως
296 379 444 465 ἡγεμών·
468 380 486 446 6
507 375 544 444 δὲ
564 383 680 464 ταμίας
698 379 782 444 αὐτὰ
799 381 1002 466 παραλαβὼν
1020 380 1121 466 ἀπεμ-

52 491 191 573 1461πολᾷ
217 483 272 551 καὶ
299 487 347 562 είς
373 487 411 551 τὸ
441 487 605 570 δημόσιον
627 482 786 572 ἀναφέρει
808 487 849 550 τὰ
871 488 1033 573 χρήματα·
1066 485 1121 552 καὶ

107 599 222 658 τοῦτον
240 595 299 658 τὸν
318 595 436 678 νόμον,
455 591 488 670 έξ
508 586 549 657 οὗ
566 592 667 676 τηνδε
687 593 843 677 οἰκοῦμεν
857 593 918 677 την
931 595 1041 676 πόλιν,
1059 593 1120 679 οὐχ

107 697 190 775 ὅπως
212 697 374 764 κατέλυσέ
392 722 454 783 τις,
477 695 549 763 ἀλλ’
573 694 646 763 οὐδ’
669 694 825 784 ᾐτιάσατο
848 701 893 783 μη
917 696 992 784 οὐχί
1015 704 1122 775 καλῶς

106 806 203 890 ἔχειν·
232 803 305 871 ἀλλ’
332 801 430 882 οὗτος
452 804 470 871 6
493 804 648 889 Μάρκιος
669 815 799 888 πρῶτος
820 803 873 870 καὶ
899 807 1001 890 μόνος
1022 805 1121 891 ὑπερ·
1148 823 1161 863 ⁵

106 911 184 976 ιδὼν
207 911 313 977 αὐτοῦ
333 908 489 996 κειμένου
506 907 562 977 καὶ
580 913 699 997 κυρίου
719 912 815 986 ὄντος
833 911 952 994 ἠξίωσε
972 916 1121 998 σφετερί-

105 1023 225 1082 σασθαι
253 1017 294 1084 τδ
321 1018 418 1084 κοινδι
446 1017 556 1103 ἡμῶν,
587 1013 613 1082 ὦ
642 1018 799 1101 δημόται,
828 1018 973 1104 λιίφυρα,
1002 1018 1121 1106 πέρυσι

104 1120 155 1189 καί
185 1123 227 1188 οὐ
257 1123 368 1189 πάλαι.
417 1121 653 1209 ποιησαμένων
686 1124 749 1209 νάρ
781 1123 876 1208 ὑμῶν
908 1126 1155 1211 καταδρομηνδ

104 1238 157 1314 τῆς
179 1227 362 1296 Ἀντιατῶν
389 1239 448 1314 γῆς
474 1228 530 1296 καὶ
557 1229 664 1296 πολλὰ
691 1225 752 1314 μέν
776 1231 927 1314 σώματα,
954 1232 1060 1296 πολλὰ
1084 1228 1121 1297 δέ

103 1338 310 1420 βοσκήματα,
339 1339 448 1402 πολὺν
477 1332 513 1402 δέ
542 1347 652 1419 σῖτον,
681 1335 787 1402 πολλὰ
812 1332 842 1400 δ’
864 1337 949 1401 ἀλλα
971 1338 1120 1421 χρήματα
1135 1357 1162 1396 10

103 1440 373 1526 περιβαλομένων
405 1443 481 1508 οὔτε
514 1450 559 1530 τῷ
592 1445 692 1529 ταμίᾳ
723 1437 814 1508 ταῦτ’
846 1440 1017 1521 ἀπέδειξεν
1047 1441 1116 1508 οὔτ’

103 1547 198 1624 αὐτὸς
226 1546 435 1634 ἀποδόμενος
457 1553 505 1626 είς
527 1551 565 1614 τὸ
589 1550 752 1632 δημόσιον
775 1546 936 1632 ἀνήνεγκε
959 1551 996 1614 τὸ
1020 1547 1121 1633 ἀργύ-

104 1677 190 1738 ριον,
219 1653 306 1720 ἀλλὰ
329 1651 473 1740 διένειμε
495 1652 551 1720 καὶ
574 1657 808 1739 κατεχαρίσατο
830 1663 900 1731 τοϊς
924 1652 1044 1721 ἑαυτοῦ
1067 1659 1121 1741 φί-

104 1763 170 1836 λοις
189 1762 324 1826 ἅπασαν
343 1762 404 1845 την
422 1764 528 1826 λείαν·
550 1769 649 1826 τοῦτο
669 1761 710 1844 δη
728 1762 926 1846 τυραννίδος
945 1764 1122 1847 τεκμήριον

104 1861 185 1930 εἶναι
208 1864 296 1952 φημὶ
319 1868 357 1932 τὸ
381 1868 493 1954 ἔργον·
516 1878 585 1944 πῶς
609 1867 672 1953 γὰρ
696 1867 754 1945 οὕς
778 1865 814 1942 δς
831 1868 909 1943 τοὺς
928 1863 1049 1932 ἑαυτοῦ
1066 1861 1121 1933 κό-
1136 1887 1161 1928 15

104 1973 201 2051 λακάς
218 1995 255 2038 τε
274 1969 329 2037 καὶ
349 1973 632 2058 σωματοφύλακας
649 1970 705 2037 καὶ
724 1979 781 2055 τῆς
798 1974 983 2057 μελλούσης
1000 1997 1121 2058 τνραν-

103 2080 192 2156 νίδος
211 2080 398 2165 συνεργοὺς
416 2077 452 2142 έκ
470 2089 537 2143 τῶν
556 2078 726 2163 δημοσίων
743 2076 912 2164 εὐηργέτει
930 2079 1120 2165 χρημάτων·

49 2181 155 2249 ιλεεκαὶ
172 2187 282 2269 νόμου
301 2184 483 2250 κατάλυσιν
501 2178 588 2249 εἶναι
605 2185 756 2269 φανερδιν
770 2185 894 2268 ταύτην
908 2183 1002 2269 λέγω.
1026 2186 1157 2254 δυείν4

105 2290 143 2374 δη
168 2291 316 2377 θάτερον
344 2289 546 2376 ἀποφηνάτω
570 2291 750 2376 παρελθὼν
772 2291 941 2377 Μάρκιος,
968 2290 989 2375 ἢ
1013 2292 1057 2370 ὡς
1080 2294 1120 2359 οὐ

105 2395 247 2482 διένειμε
274 2397 314 2463 τδ
342 2396 476 2484 λάφυρα
502 2407 571 2474 τοίς
599 2394 719 2462 ἑαυτοῦ
746 2400 871 2481 φίλοις,
899 2397 920 2462 δ
943 2399 1061 2484 ἔλαβεν
1085 2398 1120 2465 ἐκ
1135 2420 1162 2459 20

104 2512 156 2586 τῆς
183 2507 360 2588 πολεμίας,
393 2503 414 2588 ἢ
444 2503 488 2581 ὡς
517 2513 620 2569 ταῦτα
649 2514 755 2569 ποιῶν
785 2503 826 2569 οὐ
855 2506 1011 2570 καταλύει
1043 2508 1121 2583 τοὺς

104 2612 238 2695 νόμους·
272 2605 320 2675 ὧν
348 2608 527 2695 οὐδέτερον
556 2608 621 2688 έξει
648 2611 731 2696 πρὸς
758 2610 843 2694 ὑμᾶς
866 2613 981 2677 εἰπεῖν.
1026 2610 1122 2677 αὐτοὶ

102 2716 162 2801 γὰρ
185 2715 357 2803 ἀμφότερα
382 2723 467 2800 ίστε,
493 2713 549 2782 καὶ
572 2718 631 2782 τὸν
653 2719 760 2800 νόμον
783 2714 837 2782 καὶ
860 2719 897 2782 τὸ
922 2719 1038 2803 ἔργον,
1065 2714 1121 2781 καὶ

104 2821 162 2886 οὐκ
184 2819 299 2888 ἔνεσθ’
320 2821 401 2907 ὑμίν
425 2817 735 2906 ἀποψηφισαμένοις
756 2821 860 2887 αὐτοῦ
878 2822 917 2887 τά
937 2823 1048 2888 δίκαια
1066 2821 1120 2888 καὶ

173 3047 408 3118 1ἀπεμπολείο
428 3047 633 3122 ἀπεμπολ<εῖ>
652 3048 676 3101 Β
695 3063 764 3102 corr.
783 3046 928 3117 Kiessling
1000 3044 1121 3112 ὅοδτος
1180 3021 1183 3031 y

104 3116 151 3185 μὲν
174 3116 226 3174 οὖν
249 3118 265 3174 6
289 3119 420 3190 Μάρκιος
443 3136 466 3175 υ.
486 3119 630 3189 Kiessling
652 3117 713 3173 ἀλλ’
735 3115 816 3182 οὗτος
839 3118 854 3174 ὁ
876 3122 917 3173 M.
941 3127 1050 3190 πρῶτος
1071 3120 1120 3175 καί

105 3187 185 3256 μόνος
202 3190 313 3259 Kayser
330 3190 402 3245 Ann.
421 3189 490 3261 phil.
511 3196 580 3246 1868
600 3209 625 3260 p.
642 3197 695 3246 815
760 3198 775 3246 6
795 3189 875 3252 όντος
894 3188 979 3259 μόνος
997 3193 1021 3243 Α
1041 3190 1121 3254 ὄντος

105 3258 420 3399 δρῗίάδίδαδπμεδζοιὲεῗ
429 3267 497 3385 Bb8
516 3261 722 3387 ὑμέδνδιῗύετδάδν
738 3261 783 3404 δΙ
799 3260 1121 3402 εόιέηέδέίβὲλέομὲνοόῖ

106 3419 156 3456 των
173 3423 203 3458 τε
222 3403 272 3458 καὶ
291 3405 315 3456 Α
372 3408 404 3456 19
423 3402 592 3472 ἀπεφήνατο
610 3403 657 3457 Ba
713 3375 748 3457 '24
766 3403 815 3458 καί
835 3354 893 3475 [δά]
909 3353 1121 3474 e6oqnax6⁷66et

108 3469 167 3528 Oba.
185 3493 213 3544 p.
230 3480 282 3528 147

830 3563 960 3618 „7¹2
