2586 3972
510 245 678 294 ..Η-

87 401 147 488 μέν
172 404 304 471 διέλυσε
327 405 389 488 τὴν
412 402 604 488 ἐκκλησίαν,
632 401 756 480 ταῑςδ
785 400 858 487 ἑξῆς
884 401 1022 489 ἡμέραις
1045 401 1102 488 ιἰρ-

85 515 230 595 ρωστίοιν
258 513 484 595 σκηπτόμενος
512 508 621 576 οὐκέτι
648 503 842 595 κατέβαινεν
869 511 918 588 είς
940 511 1001 594 τὴν
1024 508 1102 593 ἀγο-

85 619 159 704 ρών,
184 615 258 685 ἀλλ’
278 616 456 703 ὑπομένων
475 619 575 684 ἐνδον
593 617 856 704 ἐπραγματεύετο
878 620 936 704 βίᾳ
958 614 1013 681 καὶ
1036 638 1101 701 χει-

84 729 246 814 ροκρασία
259 737 408 810 κυρῶσαι
426 726 486 790 τὸν
498 727 618 808 νόμον·
637 722 693 790 καὶ
711 721 931 809 μετεπέμπετο
945 725 1101 787 Λατίνων

83 855 116 897 τε
139 830 197 898 καὶ
216 829 380 917 Ἑρνίκων
403 832 504 908 ὅσους
526 830 668 897 ἐδύνατο
686 833 861 907 πλείστους
883 827 937 900 ἐπὶ
959 830 1020 913 τὴν
1039 838 1102 912 φη-
1129 848 1142 889 ε

83 942 264 1026 φοφορίαν.
315 939 352 1003 οί
380 935 418 1004 δέ
450 934 619 1024 συνῄεσαν
653 936 790 1030 ἀθρόοι,
821 933 877 1004 καὶ
909 929 953 1001 δι’
983 935 1136 1018 ὀλίγου5

84 1047 185 1129 μεστὴ
209 1033 323 1130 ξένων·
336 1040 381 1129 ἦν
403 1045 423 1130 η
447 1047 551 1122 πόλις.
597 1054 700 1110 ταῦτα
723 1045 843 1128 μαθὼν
866 1043 884 1110 δ
905 1043 1103 1129 Οὐεργίνιος

83 1150 433 1238 κηρύττεινέκέλευσε
456 1153 539 1218 κατὰ
562 1153 640 1228 τοὺς
663 1153 852 1228 στενωποὺς
870 1148 1002 1215 ἀπιέναι
1024 1151 1103 1225 τοὺς

84 1260 126 1343 μὴ
150 1269 389 1336 κατοικοῦντας
407 1257 445 1324 έν
463 1268 502 1344 τη
520 1260 627 1340 πόλει,
649 1260 773 1343 χρόνον
792 1256 907 1342 ὁρίσας
926 1255 967 1321 ού
985 1256 1102 1320 πολύν.

84 1365 101 1430 ὁ
124 1361 163 1431 δέ
183 1366 332 1442 Κάσσιος
353 1365 513 1432 τάναντία
530 1362 681 1430 ἐκέλευσε
705 1364 878 1449 κηρύττειν
900 1359 1103 1448 παραμένειν
1117 1382 1143 1422 10

84 1474 161 1550 τοὺς
186 1469 382 1558 μετέχοντας
404 1483 462 1557 τῆς
489 1473 726 1555 ἰσοπολιτείας,
755 1469 816 1547 ἕως
842 1469 885 1536 δν
909 1467 1102 1553 ἐπικυρωθῇ

7 1637 8 1650 2
83 1578 238 1663 ὁνόμος.
263 1567 264 1570 ¹

7 1673 8 1710 ss
148 1683 304 1750 LXXIII.
340 1683 396 1762 Ὡς
419 1682 451 1751 δ’
473 1681 573 1751 οὐδὲν
597 1683 725 1768 ἐγίνετο
747 1682 860 1769 πέρας,
883 1685 1052 1760 δείσαντες
1070 1681 1106 1747 οί

7 1807 8 1880 ζ
82 1795 263 1878 πατρίκιοι,
286 1793 331 1876 μὴ
354 1793 477 1876 ψήφων
499 1787 535 1854 θ’
562 1787 707 1876 ἁρπαγαὶ
729 1787 785 1855 καί
807 1801 928 1876 χειρῶν
951 1785 1103 1873 ἐπιβολαὶ

7 1883 9 1920 ἐ
84 1897 248 1981 γένωνται
267 1895 322 1962 καὶ
340 1898 436 1980 ἄλλα,
459 1896 522 1987 ὅσα
539 1902 634 1981 φιλεῖ
648 1898 741 1981 βίαια
760 1899 958 1981 συμβαίνειν
977 1894 1014 1960 ἐν
1032 1904 1103 1970 ταῖς
1117 1911 1143 1953 15

33 2005 339 2084 ιοεεστασιαζούσαις
353 2003 541 2088 ἐκκλησίαις
555 2002 796 2089 εἰσφερομένου
814 2012 875 2068 τοῦ
887 2005 1006 2086 νόμον,
1024 2017 1103 2065 συν-

85 2116 194 2194 ῆλθον
222 2113 270 2188 είς
299 2113 336 2177 τὸ
360 2108 538 2196 συνέδριον
561 2110 606 2187 ὡς
628 2106 713 2196 ύπέρ
737 2109 893 2175 ἁπάντων
916 2107 1000 2186 ἅπαξ
1023 2110 1104 2191 βον-

7 2245 8 2252 “
87 2221 302 2303 λευσόμενοι,
322 2215 461 2294 ’Ἄππιος
474 2213 536 2302 μὲν
550 2212 613 2284 οὖν
627 2228 755 2301 πρῶτος
769 2212 949 2300 ἐρωτηθεὶς
966 2215 1104 2298 γνώμην

7 2275 10 2400 δ
87 2325 147 2390 οὐκ
170 2332 223 2390 εία
246 2336 432 2411 συγχωρεῖν
454 2332 499 2412 τῷ
529 2325 622 2413 δήμω
650 2325 713 2408 τὴν
736 2323 901 2406 διανομὴν
923 2322 1139 2406 διδώσκων,2

7 2403 9 2514 δ
88 2432 130 2510 ώς
152 2434 296 2518 χαλεπὸς
314 2435 404 2498 ἔσται
422 2429 478 2496 καὶ
496 2430 691 2514 ἀλυσιτελὴς
709 2430 865 2506 σύνοικος
888 2428 985 2514 ύχλος
1003 2427 1104 2512 ιἰργὸς
1119 2447 1145 2488 20

7 2523 9 2566 ³
89 2537 240 2616 ἐθισθεὶς
262 2539 302 2605 τὰ
326 2540 470 2623 δημόσια
493 2539 676 2624 λιχνεύειν,
705 2534 761 2602 καὶ
784 2530 889 2601 οὐδέν
913 2533 1003 2600 ἐάσει
1024 2530 1104 2599 ποτε

7 2705 8 2712 ,
89 2657 153 2712 τῶν
177 2658 302 2713 κοινῶν
325 2647 401 2710 ούτε
424 2645 597 2730 κτημάτων
621 2643 697 2709 ούτε
720 2643 898 2729 χρημάτων
918 2643 965 2706 ἔτι
988 2641 1104 2705 κοινὸν

89 2750 213 2835 μένειν·
249 2751 408 2836 αίσχύνης
441 2749 470 2816 τ’
505 2749 599 2828 ώξιον
630 2757 764 2834 πρᾶγμα
797 2743 884 2813 είναι
917 2745 1043 2830 λέγων,
1074 2746 1116 2812 εί.

89 2861 239 2927 Κασσίου
259 2867 521 2943 κατηγοροῦντες
539 2857 583 2934 ὡς
600 2857 731 2942 πονηρὰ
749 2852 804 2921 καί
818 2853 995 2940 ἀσύμφορα
1011 2856 1105 2917 πολι-

89 2965 271 3051 τευομένου
293 2963 349 3030 καὶ
371 2967 430 3030 τὸν
454 2966 561 3049 δῆμον
584 2965 853 3048 διαφθείροντος,
881 2957 978 3026 ἔπειτ’
1007 2956 1103 3024 αὐτοὶ
1117 2978 1143 3052 ιι
1177 2997 1183 3015 .-

7 3131 8 3156 ;
90 3082 183 3158 κοινῇ
207 3073 323 3158 γνώμη
346 3069 436 3138 ταῦτ’
460 3069 726 3157 ἐπικυρώσουσιν
743 3071 788 3147 ώς
811 3069 922 3133 δίκαια
945 3064 1000 3131 καὶ
1024 3082 1105 3150 συμ-
1272 3143 1277 3153 .

7 3169 8 3216 ³
91 3178 248 3264 φέροντα·
281 3177 506 3263 ἐνθυμεῖσθαί
534 3176 562 3242 τ’
595 3177 718 3254 αὐτοὺς
750 3175 869 3258 ἀξιῶν,
902 3174 947 3250 ώς
978 3170 1052 3263 οὐδ’
1083 3172 1104 3255 ἡ
1174 3221 1178 3229 .

7 3309 9 3376 ξ
91 3287 183 3373 χοίρις
205 3285 225 3370 η
248 3287 338 3371 παρὰ
360 3295 427 3351 τών
450 3287 616 3369 πενήτων,
643 3287 675 3350 εί
695 3284 735 3349 τδι
757 3281 854 3348 κοινὰ
878 3281 1105 3365 διανείμαιντο

114 3511 120 3530 ¹
163 3434 635 3566 7B7'1vsu1iralin.soript.Bb}6
656 3439 747 3496 om.B
803 3438 1027 3494 ὃδπεῖναιΒω·
1072 3444 1104 3492 11

92 3532 157 3577 τεως
203 3531 221 3568 οι
