2674 3978
56 208 204 298 ἐν
586 208 747 256 -ι-

160 369 255 455 μέχρι
277 370 376 452 τήσδε
400 378 456 453 της
482 369 611 452 ήλικίας
638 367 694 431 διδ
724 370 849 450 πολλής
869 369 984 451 πείρας
1006 375 1118 431 κακῶν
1141 387 1175 455 τε
1198 431 1202 447 .

158 473 214 541 καὶ
238 474 375 558 ἀγαθῶν
394 473 602 558 ἐληλυθότες.
638 471 786 556 πολέμου
805 468 836 536 δ’
856 470 1003 555 ἀπειλάς,
1021 463 1074 548 αἷς
1091 472 1177 557 χρώ-

159 606 254 668 μενοι
281 586 414 668 φοβεῖτε
441 580 542 665 ἡμᾶς,
569 578 610 645 οὐ
638 589 702 644 νῦν
729 589 862 664 πρῶτον
885 575 1089 663 ἐπαγομένας
1111 574 1170 663 ὑφ’

158 688 270 773 ὑμῶν,
297 688 381 754 ἀλλὰ
408 687 566 762 πολλάκις
592 687 656 770 ήδη
679 682 735 750 καὶ
758 684 823 750 ὑπὸ
846 688 980 749 πολλῶν
1003 684 1175 749 ἐπανασει-

132 819 145 859 ι
160 801 297 873 σθείσας
310 804 349 880 τή
364 796 506 876 συνήθει
521 795 679 880 πρᾳότητι
697 792 902 876 παραδόντες
919 790 1175 875 ἀκαταπλήκτως

124 908 304 986 δαίσομεν.
350 898 405 966 καὶ
432 902 463 964 εί
489 901 593 984 δήπερ
622 899 757 982 δριίσετε
784 899 824 964 τὰ
855 898 953 983 ὅμοια
980 889 1031 974 οἷς
1053 894 1256 983 λε’γειε,1434

159 1008 379 1093 ἀμυνούμεθα
400 1007 504 1083 θεούς
526 1028 559 1071 τε
583 1005 832 1089 συναγωνιστὰς
855 1005 999 1089 ἔχοντες,
1025 1007 1061 1069 οἳ
1080 1027 1175 1088 νεμε-
1333 999 1334 1014 ’

159 1124 242 1179 σώσι
273 1125 343 1190 τοῖς
374 1115 513 1199 ἀρχουσι
544 1110 692 1197 πολέμου
711 1109 859 1195 ἀδίκου,
891 1108 946 1176 καὶ
982 1109 1174 1197 ἀνθρώπων

158 1219 288 1299 ἕξοντες
314 1232 407 1307 χεῖρα
436 1219 497 1285 οὐκ
521 1219 638 1304 ὀλίγην
661 1220 844 1303 σύμμαχον.
890 1220 1033 1284 Λατῖνοί
1052 1240 1087 1284 τε
1110 1219 1174 1304 γὰρ

118 1349 144 1389 ιο
158 1327 311 1411 ἅπαντες,
334 1317 385 1404 οἷς
406 1324 526 1391 νεωστὶ
547 1327 609 1410 τήν
633 1327 855 1391 ἰσοπολιτείαν
879 1324 1082 1408 δεδώκαμεν,
1109 1327 1174 1390 σὺν

157 1433 237 1518 ἡμῖν
252 1435 440 1517 στήσονται,
461 1433 506 1508 ὡς
518 1429 594 1516 περὶ
607 1432 766 1516 πατρίδος
784 1430 848 1514 ήδη
862 1439 920 1514 τής
932 1433 1059 1508 πόλεως
1072 1431 1174 1514 τῆσδε

156 1539 404 1624 ἀγωνιζόμενοι,
428 1539 465 1602 αί
484 1533 514 1602 τ’
537 1535 675 1620 ἐνθένδε
697 1535 944 1602 ἀποικισθεῖσαι
962 1539 1075 1615 πόλεις
1092 1543 1174 1603 πολ-

156 1644 212 1711 λαὶ
234 1644 289 1711 καὶ
312 1642 437 1729 ἀγαθαὶ
459 1642 536 1730 περὶ
557 1647 679 1723 παντὸς
701 1645 897 1729 ποιούμεναι
923 1645 1087 1722 σώζεσθαι
1110 1645 1173 1728 τήν

122 1755 361 1836 όμητρόπολιν
384 1743 580 1836 ἀμυνοῦσιν
594 1750 685 1837 αὐτή.
730 1753 762 1817 εί
789 1746 819 1815 δ’
846 1752 894 1828 είς
916 1749 1064 1834 ἀνάγκην
1087 1749 1174 1835 ἡμᾶς

117 1881 142 1920 15
156 1862 382 1925 κατακλείσετε
409 1867 466 1942 τῆς
492 1861 702 1943 πανταχόθεν
730 1857 920 1943 ἐπικουρίας
947 1855 1174 1943 περιέχεσθαι,

156 1966 402 2049 ὑπομενοῦμεν,
425 1960 450 2030 ώ
470 1962 582 2048 Δέκιε,
604 1963 660 2030 καὶ
677 1965 888 2050 θεράποντας
906 1965 954 2040 είς
976 1963 1174 2050 ἐλευθερίαν

157 2073 421 2156 προκαλούμενοι
449 2069 505 2136 καὶ
532 2075 711 2155 πολεμίους
742 2072 790 2146 είς
821 2074 938 2156 φιλίαν
966 2068 1022 2136 καὶ
1048 2071 1175 2148 πάντας

156 2177 358 2262 ἀνθρώπους
385 2179 433 2254 είς
458 2181 639 2250 κοινωνίαν
665 2188 732 2242 τών
761 2175 797 2242 ἐκ
826 2185 884 2261 τῆς
911 2179 1005 2261 νίκης
1027 2176 1174 2243 ἐλπίδων

156 2285 256 2368 ὁμόσε
283 2294 404 2370 χωρεῖν
431 2283 522 2369 ὑμῖν.
567 2285 713 2369 μηθενὸς
737 2279 774 2348 δὲ
801 2283 929 2349 τούτων
953 2285 1118 2368 δεήσειεν,
1147 2279 1174 2348 ὦ

117 2413 142 2450 20
157 2395 224 2456 Ζεῦ
242 2393 298 2455 καί
315 2388 394 2455 θεοὶἸ
410 2390 530 2467 πάντες
547 2391 583 2455 οί
598 2393 697 2456 πόλιν
711 2392 772 2474 τὴν
785 2387 954 2475 Ῥωμαίων
971 2388 1175 2476 κατέχοντες,
1333 2431 1334 2454 ι

155 2494 229 2562 ἀλλ’
255 2503 305 2579 εῖη
329 2495 425 2581 μέχρι
448 2499 558 2580 λόγων
579 2497 620 2562 τδι
642 2497 770 2583 φοβερὰ
793 2494 885 2563 ταῦτ’
911 2496 1042 2578 ἐλθεῖν,
1071 2498 1245 2579 ἔργονιιεσ
1331 2525 1334 2580 ς

156 2599 193 2668 δὲ
217 2597 326 2687 μηθὲν
349 2600 381 2680 ἐξ
407 2603 518 2669 αὐτῶν
541 2601 661 2686 γένοιτ’
689 2605 795 2688 ἀχαρι.
1333 2591 1334 2648 3

220 2709 325 2774 LIIII.
361 2713 471 2774 Ταῦτα
494 2704 555 2793 μὲν
569 2707 709 2787 ’Ἇππιος
732 2704 832 2774 είπεν.
869 2708 1003 2785 Μαίνιος
1026 2703 1063 2773 δὲ
1084 2707 1174 2773 Οὐα-
1333 2781 1334 2798 .

154 2815 264 2901 λε’ριος
287 2816 304 2883 ὁ
325 2816 585 2900 δημοτικώτατος
603 2827 670 2881 τών
688 2815 724 2881 ἐκ
742 2825 803 2882 τοῦ
822 2818 1002 2902 συνεδρίου
1019 2813 1076 2880 καὶ
1096 2813 1174 2902 περὶ

226 2980 242 3027 2
261 2969 390 3043 πολεμον
409 2971 513 3027 οὐδὲΟ
533 2988 601 3028 corr.
618 2970 680 3026 Sin
681 2971 741 3025 enis
756 2971 816 3026 Em.
831 2971 913 3027 Dion.
928 2973 1023 3040 Π351
1040 2970 1081 3035 οίς
1095 2972 1174 3027 ΑΒιι

154 3041 460 3106 Ἡέπαναταθείσαςο
481 3042 603 3112 Sylburg
666 3041 952 3112 όάκατώπληκτοιο
972 3043 1096 3098 Reudler
1114 3043 1172 3100 Tit.

154 3115 215 3170 crit.
238 3133 265 3184 p.
286 3123 301 3170 6
388 3123 403 3170 6
428 3113 455 3169 εί
476 3112 566 3183 δήπερ
589 3113 706 3202 δράσετε
725 3114 801 3168 Assb
826 3115 853 3170 εί
869 3117 971 3184 δηπερι
989 3114 1106 3185 δράοειε
1125 3114 1174 3168 Ba
1333 3139 1334 3166 ι

154 3189 232 3257 εἴπερ
251 3184 286 3254 δή
307 3187 349 3256 δρ
368 3185 512 3254 Kiessling
532 3185 558 3241 εί
575 3183 607 3238 δε
621 3184 670 3238 καλ
685 3183 800 3254 δράσετε
814 3185 921 3255 Kayser
936 3192 1006 3240 Ann.
1020 3185 1089 3256 phil.
1102 3191 1172 3241 1868
1333 3189 1334 3264 p

152 3277 181 3328 p.
196 3260 247 3310 815
267 3255 316 3309 καλ
330 3255 357 3310 εί
370 3256 404 3326 δή
420 3256 536 3310 παλδ’
501 3275 598 3325 ραοετε
613 3255 715 3309 Reiske
763 3263 795 3310 12
814 3255 1018 3349 ἀγωνιούμενοι
1032 3275 1055 3312 ο
1070 3258 1173 3312 Portus
1333 3279 1334 3296 ι

154 3334 187 3383 16
207 3325 244 3396 μή
263 3324 445 3416 περιέχεσθαι
464 3327 567 3384 ABbO
623 3325 731 3396 19ήμ
715 3345 742 3380 ιν
762 3326 813 3380 ΑΒ
868 3335 903 3383 20
921 3336 976 3382 τῶν
991 3325 1028 3384 ’.Ρ
1048 3327 1148 3383 AB
1120 3347 1173 3396 την

149 3397 230 3452 P.R
320 3403 352 3450 21
373 3395 434 3450 ἀλλ’
456 3395 643 3470 ημὲχριΑΒ
667 3346 776 3452 ἀλλἐἰ
751 3399 841 3468 εἰημ.
861 3398 1044 3454 Oa'saubonus
1136 3405 1171 3452 23

153 3467 265 3530 Μώλιος
282 3467 334 3522 ΑΒ
351 3472 355 3535 Ι
374 3465 508 3537 Φαλέριος
526 3419 560 3521 BQ
