2674 3978
492 205 726 290 '-z-
1108 239 1153 304 οε

133 423 204 465 τειν
217 396 297 464 καθ’
318 399 426 485 ὑμῶν,
449 391 503 465 οἷα
521 400 676 487 Μάρκιος
695 399 875 486 ἐτόλμησεν
893 401 1016 470 ἐνθάδε
1034 403 1153 488 είπεῖν,

132 508 231 572 ποῖόν
253 502 327 572 ποτ’
355 505 398 572 ἀν
420 505 502 591 ὑμῖν
524 506 668 594 παρέστη
692 509 775 594 πρὸς
797 507 899 573 αὐτὸν
922 509 1040 586 πάθος.

199 612 404 677 ΧΧΧΧΠΠ.
443 615 508 690 Τὰς
530 614 594 700 γὰρ
617 610 702 700 ὑπὲρ
725 623 782 698 της
805 614 968 701 ὁμονοίας
983 624 1022 701 τῇ
1045 619 1152 702 βουλή

133 717 313 803 ἀκινήτους
354 718 532 802 ὁμολογίας
571 718 627 784 καὶ
668 723 774 804 μόνον
815 720 878 788 ούκ
916 720 1154 806 ἀδαμαντίνοις

134 827 270 910 δεσμοῖς
291 824 555 911 ἠσφαλισμένας,
584 826 624 904 ἃς
646 828 723 892 ούτε
746 827 828 913 ὑμῖν
850 839 920 906 τοῖς
941 829 1152 915 ὀμωμοκόσιν
1178 851 1193 892 ε

134 933 211 998 αύτε
234 943 305 1010 τοῖς
328 931 361 1011 ἐξ
384 933 481 1018 ὑμῶν
503 931 674 1017 ἐσομένοις
695 935 872 1000 καταλύειν
894 933 1004 1022 θέμις,
1027 935 1088 1014 ἕως
1110 935 1155 1002 ἀν

133 1038 154 1122 ή
177 1041 274 1116 πόλις
295 1040 356 1123 ήδε
376 1040 515 1124 οίιιήται,
537 1051 667 1128 πρῶτος
686 1040 873 1130 ἐπεχείρησε
893 1044 986 1109 λύειν
1005 1042 1039 1123 ἐξ
1058 1044 1153 1129 ὑμῶν
1229 1051 1236 1065 “

134 1143 250 1211 οὑτοσὶ
279 1145 435 1231 Μάρκιος
466 1146 568 1231 οὔπω,
589 1145 746 1232 τέταρτον
778 1150 849 1225 ἔτος
881 1147 914 1228 έξ
946 1145 988 1216 ού
1019 1173 1154 1235 γεγενη-

132 1248 247 1335 μένας,
266 1252 308 1317 οὐ
327 1261 402 1338 σιγή
420 1252 575 1339 πράττων
588 1253 651 1336 τήν
664 1253 857 1333 κατάλυσιν,
876 1251 949 1319 οὐδ’
968 1256 1015 1332 είς
1029 1255 1154 1341 ἀφανές

132 1378 200 1422 που
218 1360 364 1436 καταδύς
381 1362 517 1446 χωρίον,
534 1357 608 1425 ἀλλ’
626 1358 823 1446 ἀναφανδὸν
841 1358 878 1425 έν
895 1361 981 1446 τῷδε
998 1370 1044 1448 τῷ
1063 1364 1152 1450 τόπῳ
1167 1383 1195 1424 ιο

133 1463 271 1528 πάντων
302 1467 479 1551 παρόντων
507 1465 604 1550 ὑμῶν
635 1467 773 1550 γνώμην
804 1464 1077 1552 ἀποφηνάμενος,
1109 1467 1155 1544 ὡς

71 1572 196 1655 ιιοιχρή
219 1571 282 1654 τήν
306 1571 513 1658 δημαρχικὴν
536 1569 690 1650 ἐξουσίαν
718 1570 832 1657 μηκέτι
855 1582 1040 1658 συγχωρεῖν
1061 1571 1154 1657 ἡμῖν,

135 1673 206 1743 ἀλλ’
229 1675 372 1760 ἀνελεῖν,
390 1670 412 1763 ᾗ
429 1679 542 1765 πρώτη
561 1675 618 1744 καὶ
633 1681 720 1765 μόνη
738 1687 796 1762 τῆς
814 1677 1008 1765 ἐλευθερίας
1021 1684 1153 1764 φυλακῇ

135 1784 369 1860 πιστεύσαντες
391 1783 619 1868 ἐποιησάμεθα
641 1785 699 1862 ’τάς
722 1785 899 1863 διαλύσεις.
938 1782 994 1851 καὶ
1017 1785 1079 1852 οὐκ
1101 1782 1190 1854 έν-2

135 1886 233 1955 ταῦθ’
262 1891 340 1973 ἔστη
363 1899 420 1975 τῆς
443 1889 645 1976 ἀλαζονείας,
669 1888 740 1958 ἀλλ’
758 1892 859 1979 ὕβριν
877 1892 939 1977 τήν
958 1890 1153 1974 ἐλευθερίαν
1168 1910 1195 1952 ιε

136 2006 202 2061 τῶν
224 2000 377 2082 πενήτων
404 1995 459 2064 καὶ
487 2000 671 2086 τυραννίδα
698 1999 759 2082 τήν
783 2000 957 2083 ίσηγορίαν
980 1997 1153 2083 ὀνομάζων

135 2101 320 2188 ἀφελέσθαι
347 2101 488 2191 παρῄνει
515 2106 639 2189 ταύτην
666 2104 757 2189 ὑμῖν.
804 2104 822 2169 δ
850 2102 887 2169 δὲ
914 2104 1049 2170 πάντων
1076 2094 1155 2170 ἀνο-

137 2211 298 2276 σιώτατον
320 2205 364 2294 ήν
386 2221 453 2277 τῶν
476 2214 549 2277 τότε
577 2211 643 2276 ὑπὸ
673 2212 794 2277 τούτου
816 2209 1046 2295 ἀξιωθέντων,
1074 2210 1155 2276 ἀνα-

137 2318 320 2400 μνήσθητε,
343 2312 369 2383 ὦ
389 2315 537 2405 πατέρες,
560 2315 608 2383 ὅτ’
630 2315 793 2403 ἀπέφαινε
810 2320 914 2383 καλὸν
932 2312 1019 2383 εἶναι
1036 2319 1155 2404 καιρὸν

136 2421 431 2508 ἀπομνημονεῦσαι
461 2427 544 2511 πρὸς
574 2426 611 2490 τὸ
641 2426 821 2508 δημοτικὸν
854 2422 981 2501 ἁπάσας
1012 2425 1083 2502 τάς·
1101 2422 1155 2492 ἐπὶ
1169 2443 1197 2483 ιο

136 2541 206 2606 τοῖς
227 2527 403 2615 προτέροις
425 2528 627 2615 ἐγκλήμασιν
650 2529 761 2616 ὀργάς,
783 2518 838 2596 καί
858 2527 1000 2619 παρῄνει
1017 2541 1094 2614 νῦν,
1118 2529 1155 2596 έν

138 2627 164 2722 ᾧ
186 2636 390 2722 τετρύχωταί
410 2633 444 2700 θ’
472 2622 538 2702 ὑπ”
556 2635 759 2724 ἀχρηματίας
783 2635 838 2703 καὶ
860 2639 968 2703 πολύν
990 2638 1055 2721 ήδη
1078 2639 1155 2721 χρό-

138 2763 199 2806 νον
221 2750 280 2826 τής
302 2740 485 2825 ἀναγκαίου
504 2745 691 2821 σπανίζεται
713 2752 849 2830 τροφής,
873 2745 960 2808 ἅπαν
980 2741 1060 2806 αὐτὸ
1085 2740 1154 2807 έπι-

137 2858 269 2935 τρῖψαι,
302 2849 581 2934 διακατασχόντας
613 2847 665 2914 ἐπὶ
697 2859 754 2934 τής
786 2849 887 2933 αὐτῆς
917 2847 1057 2934 ἀπορίας
1086 2857 1154 2911 τῶν

210 3080 225 3127 1
246 3070 354 3129 ἐνθάδε
373 3072 444 3131 καθ’
466 3075 544 3146 ήμῶν
563 3093 586 3132 ο.
605 3076 710 3132 Reiske
791 3076 903 3132 θτοίόν
922 3073 986 3130 ποτ’
1007 3074 1030 3127 Β
1057 3077 1061 3144 Ι
1087 3073 1155 3144 ἡμῖν

139 3144 235 3213 ΒΙᾶν
257 3177 288 3186 -
308 3145 432 3216 παρέστη
456 3149 490 3202 cf.
516 3149 662 3202 Baumann
685 3148 751 3204 Obs.
775 3164 864 3218 gram.
883 3165 910 3216 p.
931 3152 964 3202 18
1055 3152 1071 3201 3
1111 3147 1157 3200 ost

140 3217 225 3288 βουλῇ
244 3213 344 3271 ra'sura
363 3221 498 3286 quattuor
515 3217 716 3273 litberarumB
771 3227 787 3275 8
807 3217 984 3291 ούτοσ<λ>Β
1040 3223 1073 3274 17
1107 3223 1156 3287 μίν

142 3286 248 3342 Ocorr.
263 3287 368 3342 Reieke
423 3294 456 3345 18
475 3284 594 3362 <ήν>Β
644 3297 678 3344 22
698 3290 734 3352 ὡς
753 3290 775 3344 Ο
796 3285 827 3344 έν
846 3283 867 3362 ᾧ
886 3289 990 3344 Reiske
1006 3294 1010 3357 1
1026 3287 1155 3359 τέτρωται

141 3356 229 3414 Οοὶισλ
247 3359 314 3416 Obs.
328 3377 356 3429 p.
373 3365 424 3414 143
440 3363 444 3429 Ι
460 3361 612 3431 ἀχρηστίας
625 3362 677 3415 ΑΒ
697 3362 871 3432 ἀχρηματίας
889 3377 912 3415 ο.
933 3359 1055 3430 Sylburg
1070 3365 1075 3425 1
1091 3359 1157 3429 χρό-

141 3448 190 3484 νον
208 3433 291 3485 om.A
345 3437 380 3486 23
395 3429 467 3486 ὥστε
486 3431 602 3488 άπανΟ
621 3433 770 3501 praeterB
786 3436 791 3500 1
807 3433 881 3486 αύτῶ
900 3431 952 3485 ΑΒ
971 3431 1041 3486 αὐτὸ
1060 3431 1153 3502 Omgl

143 3494 293 3572 ἐπιτρέψαι
310 3500 363 3555 ΑΒ
383 3497 529 3573 ἐπιτρῖψαι
544 3503 618 3572 Gmg
637 3502 762 3559 Sintenis
780 3503 841 3560 Em.
860 3485 942 3562 Dion.
956 3504 969 3557 Ι
984 3508 1000 3556 9

192 3601 293 3643 Dmm.
308 3601 374 3641 Hm.
383 3601 428 3642 111.
455 3613 494 3642 nn.
505 3587 609 3643 ’ῖεοοεπ
979 3595 995 3644 ὅ
