2656 3974
153 193 220 258 370
578 187 745 242 -Θ-

154 354 264 442 ἁπάσῃ
290 354 464 441 προθυμίᾳ
491 352 609 431 σώζειν
635 353 695 416 τὸν
724 351 847 437 ἀνδρα,
874 349 1012 418 καὶτὸν
1027 349 1172 419 Ἄππιον

153 461 437 550 παρακαλούντων
464 453 547 537 εἶξαι
574 466 620 546 τῷ
647 466 753 545 καιρςδ
780 454 836 523 καί
865 466 973 544 σχῆμα
996 467 1066 535 ταῖς
1088 479 1173 545 παρ-

154 571 271 647 ούσαις
296 567 411 654 τύχαις
436 563 601 652 ἁρμόττον
623 568 837 650 μεταλαβεῖν,
865 561 966 632 οὐδὲν
990 567 1052 652 ἔφη
1075 568 1173 648 ποιή-

154 691 227 741 σειν
245 675 264 742 ὁ
282 673 368 760 ἀνήρ
387 668 456 740 οὔτ’
474 666 611 755 ἀγεννὲς
625 670 702 737 ούτε
715 680 782 736 τῶν
795 674 1049 757 προγεγονότων
1062 674 1251 758 ἐργωνιεοε

126 781 308 865 εάνάξιον,
331 781 472 865 μυρίους
495 774 524 844 δ’
552 776 594 842 δν
617 776 796 862 ὑπομείναι
817 776 987 856 θανάτους
1008 781 1173 866 πρότερον

154 889 175 974 ή
194 888 345 973 γονάτων
364 886 519 964 ἅψασθαί
534 904 637 962 τινος·
661 884 740 960 τούς
757 880 794 949 θ’
811 880 896 971 ὑπὲρ
915 885 1019 952 αὐτοῦ
1037 887 1173 952 δείσθαι

153 990 483 1082 παρεσκευασμένους
506 991 686 1057 διεκώλυεν
708 991 827 1076 είπών,
855 993 900 1068 ὡς
923 993 1106 1071 διπλασίως
1128 992 1172 1059 διν

154 1102 327 1185 αίδεσθείη
355 1097 455 1165 ταῦθ’
480 1094 565 1185 ὑπὲρ
588 1098 692 1164 αὐτού
714 1091 894 1176 ποιοῦντας
916 1095 1049 1187 ἑτέρους
1071 1099 1172 1185 ὁρῶν,

154 1207 175 1272 δ
199 1203 276 1292 μηδ’
297 1205 400 1273 αὐτὸν
423 1202 507 1292 ὑπὲρ
530 1203 651 1272 ἑαυτοῦ
672 1204 830 1288 πράττειν
849 1203 1017 1293 πρέποντα
1035 1206 1171 1290 ἡγεῖται.

114 1300 257 1414 ᾖταῦτά
280 1335 315 1380 τε
339 1313 381 1396 δή
404 1310 459 1378 καὶ
481 1313 589 1379 πολλὰ
612 1311 711 1396 ὅμοια
732 1313 862 1390 τούτοις
880 1311 999 1397 λέγων,
1021 1311 1077 1379 καὶ
1095 1311 1168 1379 οὔτ’
1326 1355 1327 1362 1

154 1417 280 1505 ἐσθῆτα
303 1418 445 1498 ἀλλάξας
467 1420 544 1485 οὔτε
566 1421 605 1485 τὸ
627 1427 686 1504 τῆς
708 1421 817 1498 ὄψεως
838 1429 966 1506 γαῦρον
987 1419 1173 1498 ἀλλοιώσας
1282 1457 1287 1462 -

154 1527 230 1593 ούτε
252 1530 465 1615 φρονήματός
487 1550 519 1592 τι
541 1523 717 1612 ὑφέμενος,
740 1525 785 1603 ὡς
807 1520 897 1592 εἶδεν
915 1527 1025 1613 ὀρθήν
1041 1525 1098 1592 καὶ
1116 1551 1173 1612 με·

153 1631 280 1719 τέωρον
299 1631 351 1700 ἐπὶ
368 1642 409 1720 πή
427 1634 612 1720 προσδοκίᾳ
624 1641 686 1698 τοῦ
701 1631 831 1716 ἀγῶνος
843 1634 905 1717 τήν
917 1636 1030 1719 πάλιν,
1048 1633 1173 1717 ὀλίγων

118 1742 202 1813 δέτι
225 1738 431 1825 λειπομένων
452 1739 586 1827 ήμερῶν
609 1737 729 1806 ἑαυτὸν
752 1742 958 1826 διεχρήσατο.
995 1741 1031 1806 οί
1048 1736 1110 1825 μεν
1129 1743 1171 1826 δή

115 1870 141 1912 15
153 1849 377 1934 προσήκοντες
413 1847 501 1935 αὐτῷ
538 1849 643 1913 νύσον
678 1846 879 1930 ἐσκήπτοντο
917 1844 1075 1930 γενέσθαι
1109 1855 1173 1913 τοῦ

154 1953 305 2019 θανάτου
324 1955 446 2019 αἰτίαν·
464 1948 726 2041 προενεχθέντος
744 1950 781 2019 δέ
799 1962 860 2019 τοῦ
879 1955 1028 2039 σώματος
1046 1956 1093 2031 είς
1110 1954 1173 2038 τήν

155 2058 282 2145 ἀγορὰν
305 2060 323 2127 ὁ
347 2056 409 2145 μὲν
431 2059 505 2137 υίὸς
527 2059 631 2126 αὐτοῦ
653 2061 804 2145 προσιὼν
824 2071 894 2138 τοϊς
918 2061 1099 2148 δημάρχοις
1116 2058 1173 2125 καί

155 2177 225 2242 τοῖς
251 2165 388 2244 ύπάτοις
409 2165 505 2252 ήξίου
528 2166 590 2251 τήν
613 2169 756 2252 νόμιμον
779 2166 956 2254 ἐκκλησίαν
979 2167 1068 2254 αύτῷ
1093 2183 1173 2232 συν-

155 2283 293 2355 αγαγεῖν
320 2271 375 2339 καὶ
403 2275 462 2340 τὸν
489 2271 528 2338 ἐν
555 2275 628 2339 ἔθει
651 2273 821 2359 Ῥωμαίοις
843 2275 925 2340 ύντα
948 2271 1001 2340 ἐπὶ
1023 2283 1094 2349 ταῖς
1117 2295 1174 2337 τα-

113 2403 140 2443 ω
154 2389 235 2463 φαῐς
253 2378 476 2465 ἀγορεύεσθαι
492 2390 561 2446 τῶν
579 2377 719 2463 ἀγαθῶν
735 2377 870 2466 ἀνδρῶν
884 2383 987 2463 λύγον
1001 2375 1175 2465 ἐπιτρέψαι

119 2481 230 2571 6περὶ
252 2495 313 2551 τοῦ
335 2488 458 2573 πατρὸς
481 2487 639 2552 διελθεῖν.
673 2486 709 2551 ολ
729 2481 766 2551 δδ
786 2487 949 2574 δήμαρχοι
967 2484 1248 2570 καλουμένηςεεεο

154 2594 202 2658 ἔτι
234 2600 292 2676 τῆς
323 2589 496 2676 ἐκκλησίας
526 2592 591 2658 ὑπὸ
624 2602 692 2658 τῶν
723 2592 859 2658 ὑπάτων
891 2592 1083 2676 ἐνίσταντο,
1116 2591 1174 2658 καί
1325 2579 1326 2616 ³

153 2700 385 2798 παρήγγελλον
411 2707 457 2788 τῷ
486 2702 645 2790 μειρακίῳ
667 2701 728 2766 τὸν
751 2701 871 2787 νεκρὸν
894 2697 1085 2787 ἀποφέρειν.
1132 2699 1173 2766 ού

154 2806 221 2890 μήν
251 2805 269 2872 ὁ
301 2806 405 2891 δῆμός
434 2802 465 2889 γ’
495 2803 652 2893 ήνέσχετο
683 2801 763 2872 ούδδ
793 2807 938 2892 περιεῖδε
967 2807 1030 2891 τήν
1060 2807 1174 2892 ύβριν,
1325 2823 1326 2838 ’

114 2933 140 2978 κε
154 2912 273 2997 ἀτιμον
292 2909 498 2997 ἐκβληθῆναι
513 2914 550 2979 τὸ
565 2923 671 2998 σῶμα,
690 2908 763 2978 ἀλλ’
781 2910 938 3001 ἐπέτρεψε
952 2921 998 3002 τῷ
1013 2917 1173 3004 μειρακίῳ

225 3180 242 3229 8
265 3173 427 3248 αἰδεσθείη]
451 3176 611 3247 ἀχθεσθείη
634 3194 658 3233 ο.
677 3175 766 3233 Cobet
788 3175 854 3233 Obs.
872 3195 907 3247 p„
921 3183 972 3233 183
1046 3184 1062 3232 9
1086 3177 1173 3232 αύτδν

153 3246 179 3299 A
204 3262 258 3302 om.
282 3247 306 3301 B
330 3247 415 3309 αύτδς
437 3264 460 3303 ο.
479 3246 624 3318 Kiessling
733 3253 767 3303 14
790 3250 976 3320 διεχειρίσατο
996 3247 1046 3302 Ac
1070 3248 1174 3322 <δι>ε-

154 3317 343 3392 <χειρί>σατο
362 3317 409 3371 Bb
434 3318 600 3389 διεχρήσατο
620 3317 724 3374 Reiske
742 3319 777 3374 cf.
798 3321 835 3374 IX
854 3326 898 3390 40,
917 3325 935 3373 4
1007 3324 1042 3374 23
1065 3319 1173 3390 παρήγ-

153 3392 262 3458 γειλλον
280 3387 306 3441 Α
399 3395 434 3444 24
456 3389 589 3460 ἠνέσχετο
607 3390 660 3460 τὴν
677 3389 760 3464 ὕβριν
780 3389 846 3446 ούδδ
866 3391 1009 3464 περιεῖδεν
1028 3389 1131 3462 ἄτιμον
1150 3407 1173 3446 ο.

152 3457 320 3513 dubitanter
337 3459 481 3530 Kiessling
