2656 3974
142 204 208 270 332
566 206 733 260 -Θ-

141 365 203 452 μέν
220 391 258 450 γε
276 373 483 452 πολεμῶμενς
505 369 582 444 τοὺς
601 366 745 453 ἐχθροὺς
761 378 870 444 κακῶς
886 376 1060 452 ποιοῦμεν,
1078 368 1164 434 ὅταν

106 470 174 540 ὅδ’
201 475 340 558 εἰρήνην
362 476 513 559 ἀγυμεν,
534 476 613 551 τοὺς
635 477 766 558 φίλους.
811 478 935 557 καίτοι,
958 469 984 538 ὦ
1007 475 1166 559 δημόται,

142 583 174 645 εί
195 577 256 664 μὲν
279 581 408 648 ἅπαντα
431 583 471 647 τὰ
494 567 705 666 βουλεύματα
723 591 783 647 τοῦ
802 581 984 666 συνεδρίου
1001 582 1085 648 καλά
1104 579 1164 646 καὶ

143 683 356 772 συμφέροντα
384 683 516 770 ἡγεῖσθ’
546 682 649 771 εἶναι,
681 687 792 772 ὥσπερ
822 685 906 770 έστί,
938 690 974 752 τί
1000 685 1075 772 οὐχί
1104 686 1164 752 καὶ

115 790 239 858 ετοῦθ’
270 793 307 858 ἓν
335 791 368 870 έξ
396 793 506 858 αὐτῶν
532 789 776 878 ὑπολαμβάνετ’
803 788 904 871 είναι;
937 794 969 858 εί
994 789 1032 857 δὲ
1055 790 1164 878 μηδὲν

143 897 254 974 ἁπλῶς
275 899 339 982 τὴν
361 900 490 983 βονλὴν
512 909 579 965 τῶν
603 900 750 965 δεόντων
774 905 887 967 οἴεσθε
906 910 1058 984 φρονεῖν,
1082 896 1247 966 &cM-'1833

143 1007 288 1089 αἰσχρῶς
309 1003 365 1070 καὶ
385 1015 493 1082 κακῶς
510 1006 572 1089 τὴν
590 1008 690 1071 πόλιν
709 1005 949 1091 ἐπιτροπεύειν,
972 1011 1007 1071 τί
1022 1006 1064 1090 δὴ
1083 1001 1157 1071 ποτ’

142 1108 217 1196 οὐχί
240 1111 522 1196 μεταστησάμενοι
545 1112 651 1196 αὑτὴν
674 1111 820 1197 ἀθρόαν,
848 1110 945 1178 αὑτοὶ
967 1113 1081 1198 ἀρχετε
1104 1109 1164 1177 καὶ

142 1218 317 1301 βουλεύετε
345 1216 400 1284 καὶ
427 1221 506 1295 τοὺς
533 1215 617 1305 ὑπὲρ
644 1228 702 1304 τῆς
723 1218 901 1304 ἡγεμονίας
922 1218 1087 1304 πολέμους
1109 1218 1165 1286 έκ-

103 1346 130 1386 10
143 1323 277 1408 φέρετε,
304 1323 389 1391 ἀλλά
415 1327 615 1411 περικνίζετε
643 1326 748 1409 αὐτὴν
775 1323 831 1391 καὶ
858 1326 940 1390 κατὰ
965 1326 1065 1410 μικρὰ
1088 1327 1164 1390 δια-

143 1432 237 1496 λύετε
255 1433 335 1508 τοὺς
351 1430 633 1516 ἐπιφανεστάτους
647 1430 889 1516 ἀναρπάζοντες
902 1430 939 1496 έν
953 1443 1024 1508 ταῖς
1038 1432 1164 1510 δίκαις;

142 1538 281 1620 ἀμεινον
313 1539 376 1625 γὰρ
406 1533 449 1621 ἡν
479 1537 603 1603 ἀπασιν
632 1537 714 1623 ἡμῖν
743 1546 839 1623 κοινὴ
869 1542 1107 1622 πολεμεῖσθαι,
1138 1539 1163 1623 ἢ

107 1640 219 1711 6καθ’
243 1642 302 1708 ἕνα
325 1643 463 1710 ἕκαστον
488 1645 558 1732 ίδίηι
581 1651 876 1730 συκοφαντεῖσθαι.
913 1645 997 1712 ἀλλὰ
1015 1647 1079 1731 γὰρ
1098 1645 1163 1731 οὐχ

142 1749 238 1834 ὑμεῖς
259 1755 360 1814 αἴτιοι
383 1751 528 1836 τούτων,
556 1752 667 1837 ὥσπερ
691 1755 794 1837 έφην,
820 1749 893 1817 ἀλλ’
922 1752 957 1818 οἱ
978 1751 1164 1834 συνταράτ-

103 1875 129 1917 ιι
142 1878 255 1933 τοντες
289 1855 376 1941 ὑμᾶς
412 1856 605 1942 δημαγωγοὶ
641 1855 712 1924 οὔτ’
744 1859 908 1945 άργεσθαι
938 1855 1164 1942 ὑπομένοντες

144 1959 216 2028 οὔτ’
250 1963 364 2049 ἀρχειν
397 1962 531 2038 εἰδότες.
580 1960 636 2028 καὶ
667 1963 749 2028 ὅσον
781 1959 843 2047 μὲν
875 1960 928 2028 ἐπὶ
957 1971 999 2048 τῇ
1031 1963 1164 2029 τούτων

144 2068 321 2155 ἀφροσύνη
349 2091 384 2134 τε
411 2066 466 2133 καὶ
496 2069 629 2156 ἀπειρίᾳ
655 2069 815 2146 πολλάκις
841 2069 884 2136 άν
911 2069 992 2153 ὑμῖν
1018 2071 1095 2136 τόδε
1122 2071 1163 2136 τὸ

143 2175 270 2260 σκάφος
293 2174 476 2262 ἀνετράπη,
503 2184 567 2241 νῦν
591 2173 622 2240 δ’
648 2175 669 2259 ἡ
693 2177 733 2241 τὰ
756 2177 884 2244 τούτων
908 2176 1082 2261 σφάλματα
1105 2175 1164 2242 έπ-

144 2287 338 2365 ανορθοῦσα
374 2279 427 2348 καὶ
466 2281 503 2347 έν
540 2283 628 2367 ὀρθῇ
660 2281 850 2369 παρέχουσα
880 2282 962 2368 ὑμῖν
993 2292 1032 2368 τῇ
1064 2285 1163 2349 πόλει

103 2407 130 2446 νο
144 2387 296 2472 <πλεῖν>,
325 2387 345 2470 ἡ
375 2392 512 2454 πλεῖστα
542 2390 637 2455 δεινά
666 2387 723 2456 ὑπ’
749 2390 861 2458 αὑτῶν
892 2390 1061 2457 ἀκούουσά
1091 2389 1163 2457 ἐστι

109 2495 259 2578 λβουλὴ.
290 2492 381 2562 ταῦτ’
402 2493 467 2560 εἴθ’
488 2493 571 2578 ἡδέα
590 2493 680 2562 ἐστὶν
697 2497 779 2581 ὑμῖν
798 2496 933 2564 ἀκούειν
952 2493 1011 2562 εἶτ’
1029 2495 1163 2583 ἀνιαρά,

144 2601 224 2685 μετὰ
247 2601 354 2685 πάσης
376 2600 536 2687 ἀληθείας
559 2607 689 2688 εῖρηταί
707 2627 765 2689 μοι
787 2605 842 2669 καὶ
864 2606 1072 2689 τετόλμηται·
1105 2601 1162 2668 καὶ

143 2710 270 2790 μᾶλλον
298 2707 454 2792 αἱροίμην
480 2707 523 2774 ἀν
550 2713 719 2797 παρρησίη
745 2711 962 2797 συμφερούση
989 2719 1035 2796 τῷ
1057 2719 1241 2798 κοινῷ1834

30 2900 33 2904 Δ
143 2815 313 2898 χρώμενος
340 2811 541 2898 ἀποθανεῖν,
570 2813 591 2898 ἡ
618 2816 658 2880 τὰ
684 2818 768 2902 πρὸς
794 2815 922 2899 ἡδονὴν
948 2816 1031 2901 ὑμῖν
1054 2815 1162 2901 λέγων

92 2925 130 2979 ’τε
143 2919 344 2984 σεσῶσθαι.“

215 3182 324 3236 3καλδι
342 3182 392 3238 καὶ
411 3183 503 3238 om.B
559 3179 624 3252 όέξ
644 3179 784 3256 ἑκατέρων
802 3184 849 3240 Ba
867 3179 897 3251 ἐξ
916 3185 1008 3240 αὑτῶν
1024 3185 1050 3239 R
1066 3186 1070 3259 Ι
1088 3184 1162 3242 εῖναι

143 3253 198 3309 del.
210 3253 299 3311 Cobet
314 3253 379 3309 obs.
394 3272 420 3324 p.
434 3261 484 3309 179
537 3260 570 3309 12
585 3250 621 3325 ἡν
636 3258 723 3313 om.B
776 3261 809 3312 15
824 3256 986 3326 δημαγωγοὶ
1000 3258 1049 3312 καὶ
1064 3259 1160 3314 οὑτεΒ

144 3330 178 3378 18
197 3324 233 3393 δὴ
252 3325 299 3378 Ba
318 3325 349 3380 δὲ
367 3325 445 3379 ABb
465 3323 493 3379 δ’
510 3325 528 3394 ἡ
546 3326 650 3382 Reiske
667 3331 671 3396 Ι
690 3329 780 3382 verba
798 3347 872 3398 ματα
891 3325 1094 3396 ἐπανορθοῦσα
1113 3330 1162 3385 καὶ

143 3391 175 3450 έν
194 3395 269 3466 ὀρθῇ
287 3395 449 3466 παρέχουσα
473 3413 527 3452 om.
547 3397 594 3452 Ba
670 3405 705 3454 20
728 3404 808 3455 πλεῖν
828 3401 895 3454 ante
914 3399 1078 3470 παρέχουσα
1096 3401 1161 3457 add.

141 3464 255 3532 Reiske‚
275 3481 328 3534 ego
347 3469 414 3535 post
432 3467 513 3522 πόλει
530 3467 637 3523 inseffli
661 3474 666 3538 ἡ
688 3469 706 3538 ἡ
727 3488 781 3526 om.
800 3470 848 3525 Ba
