2660 3976
533 256 699 304 -H-
953 252 1123 318 ·137

110 414 301 499 ἀναμεῖναι,
323 415 444 492 πάντες
466 417 567 501 ἔργον
590 421 717 500 είχοντο
741 419 1065 502 παρασκευαζόμενοι
1086 419 1126 483 τά

79 592 81 598 ,
108 520 261 607 πολέμια·
286 521 361 587 ὅσοι
382 519 410 587 τ’
433 517 520 606 ἦσαν
543 522 654 588 αὐτῶν
677 523 804 607 ἀθυμοι
822 519 904 600 τέως
920 521 1128 600 κακωθέντες

110 627 146 694 ἐν
172 639 244 706 ταῖς
270 626 446 715 προτέραις
468 629 601 714 μάχαις,
629 632 701 696 τότε
724 629 845 707 πάντες
867 627 1127 716 ἐπερρώσθησαν

111 735 154 812 ὡς
175 736 239 819 τὴν
256 732 425 819 Ῥωμαίων
447 739 709 821 καθαιρήσοντες
732 737 837 822 ἰσχύν.
884 737 919 801 οί
939 733 970 801 δ’
995 739 1044 814 είς
1065 739 1163 822 τὴνδ

104 839 231 926 Ῥώμην
255 839 495 919 ἀποσταλέντες
516 840 572 907 ὑπ’
601 842 712 908 αὐτῶν
734 841 889 929 πρέσβεις
910 844 1128 921 καταστάντες
1155 864 1170 905 ε

109 947 163 1014 ἐπὶ
185 950 247 1033 τὴν
271 950 400 1033 βουλὴν
423 951 552 1032 ἔλεγον·
566 947 638 1014 Ὅτι
658 949 885 1027 Οὐολούσκοις
907 949 983 1034 περὶ
1001 957 1128 1017 πολλοῦ

111 1054 180 1121 έστι
207 1056 460 1120 καταλύσασθαι
487 1057 528 1120 τδ
555 1059 638 1142 πρὸς
663 1059 837 1141 Ρωμαίους
863 1056 1049 1143 ἐγκλήματα
1074 1056 1128 1124 καὶ

109 1165 170 1228 τὸν
202 1162 322 1227 λοιπὸν
348 1165 473 1247 χρόνον
500 1158 587 1229 εἶναι
614 1166 726 1248 φίλοις
753 1161 808 1228 καὶ
837 1165 1020 1250 συμμάχοις
1047 1167 1129 1230 ἀνευ

110 1271 214 1335 δόλου
241 1266 297 1333 καὶ
324 1269 455 1354 ἀπάτης.
501 1271 638 1335 ἔσεσθαι
666 1267 703 1334 δὲ
729 1272 767 1335 τὸ
795 1271 914 1336 πιστὸν
938 1271 1050 1348 αὐτοῖς
1071 1281 1130 1357 τῆς

109 1378 223 1460 φιλίας
250 1372 387 1459 βέβαιον
414 1374 617 1460 ἀπέφαινον,
646 1377 677 1440 εί
697 1379 890 1460 κομίσαιντο
918 1384 982 1459 γῆν
1010 1398 1045 1441 τε
1068 1377 1130 1460 τὴν
1144 1398 1172 1437 ιο

111 1480 237 1547 ἑαυτῶν
252 1479 309 1547 καὶ
322 1482 444 1565 πόλεις,
459 1481 498 1558 ἀς
510 1482 576 1548 ὑπὸ
585 1479 755 1566 Ῥωμαίων
769 1480 1003 1567 ἀφῃρέθησαν·
1023 1484 1130 1560 άλλως

111 1585 142 1654 δ
171 1585 244 1654 οὔτ’
276 1589 413 1674 εἰρήνην
443 1589 519 1654 οὔτε
544 1591 706 1673 φιλότητα
728 1591 868 1672 βεβαίαν
889 1587 1050 1674 ὑπάρξειν
1072 1590 1130 1654 αύ-

111 1705 195 1773 τοϊς·
219 1697 257 1760 τὸ
280 1694 344 1778 γάρ
368 1692 590 1778 ἀδικούμενον
611 1691 662 1758 ἀεὶ
680 1692 839 1778 πολέμιον
857 1689 943 1760 εἶναι
962 1703 1006 1784 τῷ
1025 1701 1147 1781 πλημ-,

111 1807 269 1886 μελούντι
299 1802 408 1885 φύσει.
454 1799 571 1885 ἠξίουν
599 1824 634 1866 τε
664 1803 709 1886 μὴ
738 1811 940 1886 καταστῆσαι
970 1813 1057 1888 σφᾶς
1085 1805 1131 1880 είς

112 1907 261 1992 ἀνάγκην
284 1905 431 1991 πολέμου
454 1919 521 1972 τῶν
544 1908 685 1973 δικαίων
707 1907 1006 1994 ἀποτυγχάνοντας.
1145 1929 1174 1970 1⁵

176 2013 219 2079 X.
255 2011 312 2090 Ὡς
344 2009 382 2078 δέ
408 2011 498 2080 ταῦτ’
528 2009 624 2080 εἶπον
652 2015 688 2080 οἱ
711 2013 879 2102 πρέσβεις,
911 2014 1130 2100 ἐβουλεύοντο

111 2123 192 2187 κατὰ
224 2129 310 2206 σφάς
337 2121 373 2186 οί
398 2122 555 2207 σύνεδροι
582 2122 863 2207 μεταστησάμενοι
890 2125 968 2200 τοὺς
995 2124 1131 2209 ἀνδρας,

51 2225 167 2293 εσλικαὶ
186 2225 301 2310 ἐπειδὴ
322 2229 457 2309 ἔκριναν
471 2227 510 2304 δς
522 2229 585 2314 χρὴ
600 2227 790 2315 ἀποκρίσεις
802 2232 1019 2314 ποιήσασθαι,
1036 2230 1131 2296 καλέ-

113 2351 230 2411 σαντες
253 2333 376 2410 αύτοδς
396 2333 498 2400 πάλιν
521 2332 574 2400 ἐπὶ
596 2338 656 2401 τὸν
679 2336 844 2419 σύλλογον
867 2336 990 2421 ταύτην
1009 2338 1131 2404 ἔδοσαν

112 2442 173 2525 τὴν
201 2438 381 2525 ἀπόφασιν.
433 2439 484 2505 Οὐ
511 2441 697 2507 λανθάνετε
724 2442 825 2526 ἡμᾶς,
855 2436 881 2506 ὦ
910 2443 1131 2528 Οὐολοῦσκοι,
1145 2466 1173 2507 κο

111 2552 227 2633 φιλίας
246 2542 308 2631 μὲν
322 2543 424 2612 οὐδὲν
439 2549 604 2632 δεόμενοι,
622 2549 791 2634 πρόφασιν
805 2545 836 2613 δ’
853 2548 999 2634 εὐπρεπῆ
1017 2554 1132 2634 λαβεῖν

111 2655 314 2738 βουλόμενοι
332 2663 393 2720 τοῦ
410 2652 566 2739 πολέμου.
600 2654 620 2719 ἀ
639 2656 702 2740 γάρ
720 2655 814 2737 ἥκετε
832 2651 909 2740 παρ’
928 2655 1023 2739 ἡμῶν
1036 2655 1132 2720 ἀπαι-

111 2769 261 2844 τοῦντες,
279 2765 387 2837 καλῶς
405 2759 584 2826 ἐπίστασθε
604 2759 762 2827 οὐδέποτε
781 2764 976 2845 ληψόμενοι·
1000 2757 1131 2847 χρῄζετε

111 2867 175 2953 γάρ
200 2866 328 2932 ἀδίκων
351 2889 386 2931 τε
408 2865 463 2932 καὶ
487 2865 672 2933 ἀδυνάτων.
709 2869 741 2932 εί
757 2864 819 2952 μὲν
838 2863 901 2934 οὖν
920 2870 1035 2945 δόντες
1051 2868 1168 2952 ἡμῑν2

110 2975 152 3039 τά
179 2975 286 3060 χωρία
314 2974 425 3039 ἔπειτα
452 2973 635 3058 μεταδόξαν
663 2973 744 3058 ὑμῖν
765 2984 831 3041 νῦν
853 2974 1033 3059 ἀπαιτεῖτε,
1060 2972 1132 3040 ἀδι-
1146 2996 1174 3036 οε

184 3171 201 3220 3
227 3160 455 3236 έρρώσθησανΟ
480 3161 700 3236 ἐπερρώσθησαν
724 3182 746 3221 ε.
765 3165 909 3236 Kiessling
980 3163 1131 3239 ὅῬάμηυ]

107 3234 296 3308 ῬωμαίωνΒ
364 3238 500 3305 8φίλους
517 3267 553 3278 -
572 3236 775 3308 συμμάχουςΑ
843 3244 877 3294 10
896 3235 1058 3306 ἀπέφαινον
1077 3239 1132 3294 del.

111 3307 203 3364 Cobet
226 3307 293 3364 obs.
315 3327 344 3378 p.
365 3313 415 3362 157
490 3313 523 3362 14
547 3307 631 3376 φύσει
648 3309 674 3362 R
697 3311 784 3377 φασίν
809 3325 843 3364 ex
861 3309 972 3364 comB
1045 3315 1080 3364 24
1102 3329 1132 3365 σε

112 3379 178 3435 add.
197 3379 220 3434 B
295 3387 329 3435 25
353 3378 511 3449 μεταδόξαν
530 3378 552 3431 Β
576 3379 663 3446 δόξαν
682 3378 708 3432 R
732 3382 737 3449 Ι
763 3381 813 3435 οόκ
836 3380 984 3436 ἀδικεῖσθε
1009 3379 1132 3436 ὃίολεοίε

112 3449 173 3506 Em.
192 3450 275 3507 Dion.
295 3451 335 3506 III
355 3457 388 3505 14
412 3451 482 3506 duee
501 3450 630 3518 Reiskio,
653 3450 798 3521 Kiessling
820 3451 994 3522 transposito
1014 3461 1066 3506 νῦν
1085 3469 1132 3508 vo-

113 3521 216 3578 cabulo
235 3524 333 3577 censet
352 3520 425 3576 εί-
441 3521 584 3585 δύντες-
601 3519 698 3576 ἔπειτα
717 3522 875 3593 μεταδόξαν
893 3525 960 3594 ὑμῖν
979 3524 1132 3592 ἀπαιτεῖτε,
