2586 3972
509 303 676 356 -Θ-

83 466 139 531 καὶ
164 469 225 551 τήν
243 489 277 532 τε
297 469 391 532 λείαν
410 464 642 553 ἀφαιροῦνται,
665 463 719 531 καὶ
738 469 815 542 τοὺς
834 465 934 549 ὁμόσε
953 476 1100 551 χωροῦν·
1190 509 1195 517 -

82 597 154 657 τας,
172 573 232 650 οὓς
249 569 310 658 μὲν
328 571 593 655 ἀποκτείνουσιν,
612 572 670 649 οδς
689 568 720 636 δ’
739 573 785 648 είς
802 574 915 657 φυγήν
929 570 1100 658 τρέπουσι·

4 703 5 708 ’
83 677 141 744 καὶ
172 681 202 744 εί
230 681 274 764 μή
307 682 404 756 Τίτος
429 681 567 756 Σίκκιος
593 679 796 764 πρεσβευτής
822 675 888 743 τότ’
916 678 964 743 δν
992 682 1100 764 στίφει

83 784 336 875 συντεταγμένῳ
359 788 465 864 πεζῶν
487 809 522 851 τε
544 783 600 851 καὶ
623 783 749 850 ίππέων
767 787 1028 869 παραβοηθήσας
1046 783 1101 849 ἐπ-

85 891 182 979 έσχεν
210 893 347 975 αὐτούς,
374 888 475 958 οὐδὲν
498 891 540 957 άν
562 893 600 957 τὸ
624 897 777 957 κωλῦσον
800 887 843 975 ήν
866 892 997 957 άπασαν
1021 891 1101 957 άπο-
1129 914 1142 952 ι

86 997 206 1064 λε’σθαι
221 1001 295 1083 Ιτήν
319 995 483 1080 στρατιάν.
530 997 660 1076 ἐκείνου
684 995 715 1063 δ’
740 996 895 1082 ἐμποδὼν
910 997 1101 1082 γενομένου

4 1089 6 1152 3
86 1111 267 1170 συνελθεῖν
296 1107 451 1190 ἔφθασαν
481 1105 516 1170 ολ
541 1102 653 1170 λοιποὶ
680 1105 715 1170 οί
739 1102 816 1170 καθ’
847 1103 906 1170 ἕνα
933 1106 1102 1170 διεσκεδα-

87 1211 217 1296 σμένοι·
237 1212 356 1289 πάντες
375 1209 405 1276 δ’
424 1211 461 1277 ἐν
479 1211 586 1300 ταύτιβ
607 1215 780 1295 γενόμενοι
794 1214 903 1295 λόφον
916 1212 991 1276 τινά
1005 1235 1102 1276 κατα-

4 1399 6 1408 ,
86 1318 313 1402 λαμβάνονται
331 1316 407 1403 περὶ
420 1319 535 1403 δείλην
550 1319 663 1400 ὀψίαν,
681 1316 735 1383 καὶ
748 1319 810 1401 τήν
825 1317 984 1382 ἐπιοῦσαν
997 1318 1102 1382 νύκτα

4 1409 6 1430 '
87 1423 123 1489 ἐν
150 1424 258 1512 τούτῳ
283 1428 426 1509 ἔμειναν.
472 1423 671 1506 ἐπαρθέντες
694 1421 731 1489 δὲ
756 1422 953 1489 Οὐιεντανοὶ
976 1433 1028 1512 τῷ,
1045 1389 1143 1502 ιτα-ἰή

86 1532 280 1616 τορθώματι
303 1535 445 1615 πλησίον
468 1541 529 1597 τοῦ
552 1534 659 1616 λόφου
682 1534 833 1596 τίθενται
855 1531 895 1594 τά
919 1530 1020 1612 ὅπλα,
1047 1529 1102 1594 καὶ

30 1641 163 1715 ιιιετοὺς
191 1636 227 1702 ἐκ
254 1646 313 1721 τής
338 1640 466 1715 πόλεως
488 1637 630 1704 ἐκάλουν
654 1638 698 1714 ὡς
719 1640 1004 1713 κατακεκλεικότες
1025 1639 1103 1712 τοὺς

83 1742 264 1828 Ῥωμαίους
300 1745 347 1820 είς
383 1749 523 1829 χωρίον,
560 1746 645 1809 ἔνθα
677 1739 777 1809 οὐδὲν
807 1755 876 1809 τῶν
909 1743 1103 1830 ἐπιτηδείων

87 1852 226 1936 ἔμελλον
254 1850 355 1933 ἕξειν,
378 1848 437 1915 ’καὶ
465 1851 796 1937 προσαναγκάσοντες
818 1852 880 1917 οὐκ
903 1853 951 1927 είς
974 1850 1102 1934 μακράν

86 1958 296 2042 παραδοῦναι
320 1961 413 2043 σφίσι
436 1958 476 2022 τὰ
493 1957 593 2022 Ιὅπλα.
639 1960 768 2040 γίνεταί
788 1955 816 2022 τ’
841 1957 951 2022 αὐτῶν
975 1965 1102 2041 συχνοῦ
1117 1977 1141 2017 ιε

87 2063 248 2139 ἐλθόντος
275 2065 376 2149 ὄχλου
404 2057 470 2130 δύο
494 2066 719 2149 στρατεύματα
746 2062 822 2150 περὶΙ
844 2065 901 2141 τάς
925 2062 1103 2147 ἐπιμάχους

6 2223 8 2282 χ
87 2173 232 2255 λαγόνας
254 2179 314 2236 τοῦ
337 2173 457 2254 λόφου,
479 2172 585 2237 πολλά
604 2168 631 2236 τ’
652 2172 736 2238 ἄλλα
753 2171 899 2256 φρούρια
917 2170 1103 2255 βραχύτερα

87 2278 169 2342 κατὰ
192 2279 271 2353 τοὺς
292 2271 392 2360 ήττον
415 2276 605 2365 ἐπικαίρους
627 2281 760 2354 τόπους·
785 2274 839 2341 καὶ
857 2261 968 2341 ’πάντα
987 2271 1030 2359 ήν
1048 2299 1103 2360 με-

88 2384 149 2464 στδι
173 2383 295 2448 ὅπλων.
333 2383 351 2448 ὁ
375 2377 405 2447 δ’
420 2383 538 2469 Ιἕτερος
560 2395 627 2450 τῶν
649 2383 784 2449 ὑπάτων
805 2382 933 2475 ΙΦάβιος
955 2383 1103 2468 γραμμά-
1122 2385 1144 2451 5

87 2513 155 2554 των
178 2489 266 2575 παρά
289 2500 349 2556 τοῦ
373 2491 597 2576 συνάρχοντος
619 2488 832 2575 άφικομένων
856 2489 1026 2573 ἐπιγνούς,
1052 2490 1103 2554 ὅτι
1118 2509 1144 2548 ιο

88 2595 124 2661 ἐν
148 2585 298 2680 ἐσχάτοις
320 2595 406 2662 εἰσὶν
430 2599 466 2665 ολ
484 2596 776 2687 κατακλεισθέντες
798 2595 835 2661 ἐν
853 2603 899 2685 τῷ
921 2599 1025 2684 λόφφ,
1049 2592 1104 2659 καὶ

87 2694 379 2786 κινδυνεύσουσιν,
402 2705 434 2768 εί
455 2705 500 2787 μή
518 2727 568 2779 τις
587 2703 699 2779 αὐτοῖς
717 2705 892 2788 βοηθήσει,
915 2707 999 2790 λιμῷ
1020 2699 1103 2767 ἁλῶ-

88 2829 156 2892 ναι,
175 2807 362 2892 ἀναστήσας
380 2812 439 2875 τὸν
458 2807 600 2894 στρατὸν
618 2805 699 2893 ήγεν
714 2808 767 2875 ἐπὶ
785 2813 863 2886 τοὺς
879 2808 1104 2884 Οὐιεντανούς
1135 2826 1151 2866 N
1186 2845 1188 2850 ·

89 2918 152 2980 σὺν
175 2915 278 3000 τάχει·
311 2913 366 2980 καί
389 2918 421 2981 εἰ
442 2925 502 3004 μιᾷ
524 2917 731 3001 βραδύτερον
753 2915 859 3005 ήμέρμ
882 2917 1020 2999 διήνυσε
1042 2916 1104 2998 τὴν

89 3021 187 3106 όδόν,
215 3018 316 3088 ούδδν
339 3020 381 3088 ἂν
405 3024 549 3108 ὤνησεν,
572 3022 655 3090 ἀλλὰ
679 3021 930 3110 διεφθαρμένην
953 3023 1014 3106 τήν
1038 3021 1107 3087 ἐκεί
1118 3038 1144 3079 2⁵

161 3287 441 3342 ῦόιποκτεννύονσινΙ
455 3289 480 3341 Α
561 3286 735 3349 3ΣίκιοςΒ
817 3286 945 3341 λλοιποὶ
965 3285 1016 3359 (ολ
1057 3286 1104 3340 Bb

93 3363 125 3411 10
143 3357 174 3413 δὲ
196 3359 365 3414 Οὐιεντανοὶ
379 3360 404 3412 Α
419 3358 454 3413 ’δὲ
476 3356 638 3413 Οίιεντανολ
652 3357 674 3410 Β
740 3365 773 3412 15
792 3360 900 3426 γίνεται
914 3357 945 3412 δὲ
961 3373 983 3411 ο.
1023 3373 1106 3424 ayser

91 3431 161 3482 Anu.
180 3429 249 3499 phil.
270 3435 339 3484 1868
357 3447 385 3499 p.
401 3436 452 3485 817
545 3436 577 3484 17
596 3428 685 3484 πολλὰ
704 3427 733 3482 δ’
749 3429 818 3484 ἄλλα
838 3428 861 3482 Ο
884 3426 973 3482 πολλά
991 3427 1017 3482 τ’
1034 3427 1104 3484 άλλα

92 3499 201 3626 Reisskfi)
257 3507 292 3554 20
311 3496 442 3570 ἐπιγνοὺς
460 3499 497 3563 ὥς
515 3500 558 3556 ὅτι
576 3500 599 3554 0
618 3500 772 3570 praeterB
836 3506 870 3554 22
889 3499 1105 3556 κινδυνεύουσιν

93 3587 115 3626 ο.
152 3589 171 3640 y
202 3589 255 3640 urg
940 3615 942 3620 .
