2656 3974
564 241 731 292 -Θ-
1091 241 1157 307 313

137 401 194 469 ἐπὶ
212 412 280 468 τῶν
298 400 332 481 ἓξ
352 400 407 468 καὶ
424 404 624 489 τριακοσίων
640 403 776 489 άνδρῶν
791 401 927 469 ἐκείνων
941 404 981 468 τά
994 402 1156 470 ἀδύνατα·

60 510 186 595 τεοεμὴ
207 509 330 586 παῖδας
347 509 460 586 αὐτοῖς
477 513 743 594 καταλειφθῆναι
760 511 912 595 νηπίους,
935 511 979 594 μὴ
999 521 1158 593 γυναῖκας

138 614 296 700 ἐγκύους,
325 616 370 701 μα)
394 614 562 700 ἀδελφοὺς
584 613 747 701 ἀνήβους,
769 617 814 701 μὴ
836 615 979 703 πατέρας
1001 615 1038 683 ἐν
1061 615 1157 704 ἀκμῇ.

137 723 243 809 ταύτῃ
262 718 323 807 μὲν
343 724 386 807 δὴ
404 725 464 789 τὸν
483 725 586 806 λόγον
605 721 762 802 ἐξετάζων
780 723 843 790 οὐκ
861 722 971 809 ἀληθῆ
987 727 1157 810 νενόμικα,
1175 727 1196 792 5

138 828 270 896 ἐκεῖνον
297 827 329 895 δ’
356 828 482 914 ἀληθῆ·
509 839 577 895 τῶν
598 841 702 916 τριῶν
725 830 897 917 ἀδελφῶν,
924 833 1100 910 Καίσωνός
1122 854 1157 898 τε
1184 853 1197 896 ι

137 933 196 1002 καὶ
214 938 362 1004 Κοίντου
385 933 441 1002 καὶ
459 936 605 1023 Μάρκου
626 946 694 1002 τῶν
716 936 975 1005 ὑπατευσάντων
997 939 1056 1017 τὰς
1078 955 1157 1005 συν-

138 1053 226 1129 εχεῖς
244 1039 325 1109 ἑπτά
342 1041 510 1128 ὑπατείας,
531 1041 831 1128 ἐγκαταλειφθῆναι
848 1047 1009 1130 πείθομαι
1026 1045 1157 1134 Μάρκῳ

138 1151 287 1234 παιδίον,
309 1151 365 1216 καί
387 1145 478 1216 τοῦτ’
501 1143 587 1216 εἶναι
610 1151 647 1216 τὸ
671 1152 852 1234 λεγόμενον
875 1148 912 1216 ἐκ
933 1160 994 1217 τοῦ
1018 1155 1158 1237 Φαβίων

140 1263 236 1324 οίιιου
258 1260 386 1324 λοιπόν.
428 1251 531 1322 οὐδὲν
554 1251 636 1340 (δὲ)
659 1257 781 1322 κωλύει
803 1265 849 1344 τῷ
872 1255 988 1341 μηκέτι
1010 1266 1077 1322 τῶν
1099 1259 1157 1323 άλ-
1175 1257 1195 1321 6

139 1368 211 1428 λων
238 1361 382 1449 ἐπιφανῆ
410 1387 485 1430 τινα
514 1359 571 1428 καὶ
599 1365 752 1450 λαμπρὸν
779 1361 841 1442 ἔξω
868 1371 928 1429 τοῦ
956 1358 1032 1440 ἑνὸς
1058 1364 1157 1428 τοῦδε
1171 1389 1197 1428 10

139 1467 376 1556 ἀνδρωθέντος
394 1469 553 1554 γενέσθαι
570 1471 695 1554 ταύτην
712 1477 921 1556 παραστῆναι
938 1479 1008 1547 τοῖς
1020 1473 1158 1546 πολλοῖς

138 1577 202 1660 τὴν
230 1573 350 1661 δόξαν,
377 1576 429 1642 ὅτι
457 1579 561 1662 μάνος
586 1575 712 1654 ἐιιτλνος
734 1575 771 1642 ἐκ
793 1586 853 1643 τοῦ
877 1578 1017 1662 Φαβίων
1039 1573 1159 1659 γένους

140 1679 211 1748 ἐστὶ
241 1686 370 1760 λοιπός·
406 1684 467 1771 οὐχ
495 1683 540 1762 ὡς
566 1684 710 1769 μηδενὸς
737 1684 841 1751 ἀλλον
868 1685 981 1768 ὄντος,
1015 1677 1087 1748 ἀλλ’
1114 1682 1158 1760 ὡς

140 1788 284 1874 μχδενὸς
306 1787 447 1868 ἐκείνοις
465 1790 595 1874 ὁμοίου,
618 1788 718 1875 ἀρετῇ
735 1789 1005 1876 τεκμαιρομένοις
1022 1791 1060 1855 τὸ
1079 1806 1158 1872 συγ-

139 1893 251 1980 γενίς,
274 1895 315 1960 οὐ
337 1897 451 1982 φύσει·
474 1894 628 1983 καὶπερὶ
651 1891 712 1980 μδν
735 1896 863 1962 τούτων
886 1893 985 1962 ταῦθ’
1008 1895 1115 1961 ἱκανά.
1173 1916 1199 1958 ιε

207 2000 328 2067 XXIII.
372 2003 417 2068 Οί
445 2012 531 2086 γοῦν
565 2000 733 2089 Τυρρηνοὶ
765 2003 844 2080 τούς
872 1999 901 2067 τ’
931 2001 1058 2087 άνδρας
1087 2003 1158 2066 δια-

140 2111 342 2195 φθείραντες
367 2107 423 2176 καὶ
449 2111 486 2176 τὸ
515 2107 553 2175 ἐν
580 2118 620 2194 τῇ
643 2106 798 2196 Κρεμέρᾳ
825 2109 990 2193 φρούριον
1012 2111 1158 2194 παραλα-

141 2218 258 2300 βόντες
288 2212 342 2281 ἐπὶ
370 2216 432 2299 τὴν
462 2217 568 2301 ἀλλην
598 2215 757 2302 στρατιὰν
786 2224 854 2280 των
876 2211 1045 2298 Ῥωμαίων
1074 2209 1158 2299 ἦγον

65 2323 199 2399 18ο4τάς
227 2321 395 2407 δυνάμεις.
442 2324 534 2408 ἔτυχε
563 2318 593 2387 δ’
622 2321 664 2388 οὐ
691 2321 821 2407 μακρὰν
843 2323 1159 2405 κατεστρατοπεδευ-

142 2431 208 2506 κὼς
236 2428 254 2494 ὁ
282 2427 394 2515 ἕτερος
420 2438 487 2494 τῶν
514 2428 650 2497 ὑπάτων
672 2429 845 2511 Μενήνιος
872 2427 934 2494 οὐκ
957 2426 994 2494 ἐν
1018 2427 1198 2514 ἀσφαλεῑιο

141 2538 265 2625 χωρίῳ·
289 2532 345 2601 καὶ
368 2535 422 2600 ὅτε
444 2535 465 2620 ἡ
486 2538 626 2622 Φαβίων
650 2531 827 2618 συγγένεια
849 2531 904 2599 καὶ
926 2536 964 2601 τδ
983 2537 1159 2600 πελατικὸν

142 2642 254 2708 αὐτῶν
286 2640 501 2727 ἀπώλλυντο,
532 2641 709 2728 τριάκοντά
739 2661 806 2706 που
838 2640 994 2718 σταδίους
1026 2638 1160 2726 ἀπεῖχεν

142 2745 198 2834 ἀφ’
225 2744 266 2815 οὗ
289 2751 327 2815 τὸ
349 2749 459 2826 πάθος
482 2745 612 2831 ἐγίνετο
635 2749 751 2832 τόπου,
775 2745 876 2825 δόξαν
900 2743 928 2811 τ’
949 2745 1013 2812 οὐκ
1035 2746 1160 2830 ὀλίγοις

141 2852 296 2942 παρέσχε,
319 2857 422 2938 γνοὺς
445 2852 482 2920 ἐν
505 2853 589 2930 οἵοις
611 2865 725 2930 κακοῖς
747 2847 832 2937 ἦσαν
851 2853 887 2919 οἱ
904 2853 1039 2938 Φάβιοι,
1061 2855 1160 2938 μηδε-

214 3089 231 3138 2
254 3081 343 3138 τετλιε
381 3082 398 3152 ὴ
416 3084 523 3146 παῖδας
541 3099 630 3151 usque
649 3083 686 3137 ad
704 3079 792 3136 verba
810 3075 842 3135 ἐν
860 3081 936 3150 ἀκμῇ
955 3079 1077 3135 delenda
1096 3096 1157 3135 esse

142 3155 240 3210 censet
258 3152 331 3208 Smit
374 3154 416 3210 bs.
429 3172 456 3223 p.
472 3160 507 3209 38
566 3151 632 3208 Ἰἓν
650 3155 881 3223 καταλειφθῆναι
898 3150 1022 3222 Μάρκου
1040 3153 1158 3206 παιδίον

142 3242 166 3280 ο.
182 3225 273 3281 Cobet
287 3223 353 3280 Obs.
368 3242 394 3294 p.
411 3230 462 3280 1⁷⁵1
479 3227 483 3295 Ι
498 3223 661 3295 ΜάρκονΑ
715 3228 732 3277 8
751 3221 814 3292 λεγά
836 3241 901 3278 ενον
920 3221 1008 3292 μόνον
1027 3239 1051 3278 ο.
1065 3221 1160 3277 Kiess-

141 3295 204 3366 ling
259 3294 326 3351 9δὲ
342 3295 464 3350 inseruit
482 3295 606 3351 Sintenis
620 3295 681 3360 Em.
695 3294 777 3349 Dion.
821 3295 879 3348 [27
897 3297 901 3363 Ι
921 3301 959 3348 τῶ
975 3293 1050 3349 ABa
1067 3294 1099 3349 τὸ
1112 3293 1159 3347 Bb

145 3374 178 3423 16
197 3375 266 3438 γοῦν
285 3382 339 3422 om.
354 3366 402 3422 Ba
419 3364 448 3420 δ’
466 3363 516 3423 οὖν
535 3384 558 3424 ο.
577 3365 707 3422 Hertlein
725 3366 843 3420 Hermes
862 3365 887 3420 X
906 3370 959 3420 418
1032 3370 1065 3420 22
1085 3365 1159 3420 ἀπά-

142 3442 223 3494 λοντο
241 3437 268 3494 Α
288 3441 293 3506 Ι
313 3438 406 3493 αὐτῶν
425 3454 478 3493 om.
497 3438 523 3492 A
595 3443 629 3493 23
648 3433 696 3507 ἐφ’
719 3431 751 3492 οδ
770 3436 796 3490 A
815 3441 820 3506 Ι
841 3430 997 3509 ἒγ<ἑ>νετο
1016 3436 1063 3490 Bb
1083 3440 1088 3506 Ι
1110 3437 1160 3492 οάκ

143 3527 198 3566 om.
218 3509 267 3564 Βο
339 3515 374 3564 24
392 3507 532 3579 παρέσχεν
551 3509 587 3572 ὡς
605 3510 690 3578 γνοὺς
707 3509 733 3561 Α
