2660 3976
176 212 241 276 110
599 214 762 262 -Z-

174 390 275 457 μισαν
303 367 389 438 εἶναι
417 375 477 439 τὸν
504 372 653 439 ἀπὸτοῦ
682 378 768 438 θεοῦ
791 375 1002 457 μηνυόμενον
1026 371 1193 456 ὀρχηστὴν

174 479 216 546 οὐ
238 482 350 545 καλόν.
460 507 464 516 ·

240 585 338 650 LXX.
371 583 461 651 Ἐπεὶ
493 581 531 651 δέ
563 585 645 651 κατά
677 595 775 651 τοῦτο
803 583 925 668 γέγονα
957 591 1014 667 τῆς
1046 585 1193 667 ἱστορίας

173 695 211 759 τό
238 691 352 778 μέρος,
383 693 444 758 οὐκ
467 699 578 778 οἴομαι
602 693 675 758 δεῖν
698 692 738 756 τά
760 688 837 778 περὶ
860 691 920 775 τῆν
944 687 1063 776 ἑορτὴν
1087 689 1192 755 έπιτε-

147 800 321 884 νλούμενα
339 795 395 864 ὑπ’
416 798 527 864 αὐτῶν
544 803 737 884 παρελθεῖν,
760 798 822 884 οὐχ
845 798 902 862 ἵνα
922 821 978 882 μοι
997 795 1192 882 χαριεστέρα

172 905 306 989 γένηται
328 905 523 990 προσθήκας
545 908 694 989 λαβοῦσα
714 904 893 988 θεατρικὰς
910 900 965 968 καὶ
988 906 1110 987 λόγους
1132 902 1191 968 ἀν·

171 1009 378 1096 θηροτέρους
403 1010 424 1094 ἡ
454 1012 621 1096 διῆγησις,
653 1007 725 1075 ἀλλ’
757 1011 814 1076 ἵνα
845 1021 912 1075 τών
940 1008 1130 1093 ἀναγκαίων
1158 1031 1190 1072 τι

172 1118 374 1201 πιστώσηται
396 1118 609 1204 πραγμάτων,
632 1117 683 1183 ὅτι
706 1117 746 1182 τά
769 1119 1006 1182 συνοικίσαντα
1025 1118 1110 1198 ἔθνη
1128 1116 1190 1199 τὴν

167 1220 337 1307 Ῥωμαίων
363 1227 462 1290 πόλιν
485 1220 661 1307 Ἑλληνικὰ
692 1218 745 1307 ἦν·
763 1221 799 1288 έκ
825 1233 893 1288 τῶν
921 1221 1191 1307 ἐπιφανεστάτων

133 1347 159 1387 10
173 1328 411 1396 ἀποικισθέντα
433 1334 561 1413 τόπων,
591 1327 663 1395 ἀλλ’
689 1329 751 1414 οὐχ
775 1329 886 1414 ὥσπερ
909 1331 993 1395 ἔνιοι
1016 1329 1190 1413 νομίζουσι

137 1437 325 1521 2βάρβαρα
346 1433 402 1502 καὶ
425 1435 571 1502 ἀνέστια·
595 1436 788 1521 ὑπεσχόμην
806 1436 871 1520 γάρ
890 1431 943 1500 ἐπὶ
962 1442 1007 1522 τῷ
1028 1432 1114 1499 τέλει
1132 1442 1191 1518 τῆς

171 1544 302 1627 πρώτης
324 1553 469 1628 γραφῆς,
496 1543 539 1626 ἣν
565 1540 642 1626 περὶ
669 1551 730 1608 τοῦ
753 1539 872 1625 γένους
894 1541 1005 1606 αὐτῶν
1029 1538 1190 1618 συνταξά-

172 1672 271 1732 μενος
308 1647 468 1733 ἐξέδωκα,
505 1652 637 1735 μυρίοις
672 1649 869 1733 βεβαιώσειν
905 1650 1092 1732 τεκμηρίοις
1127 1648 1261 1731 τῆνιεει

170 1758 351 1840 πρόθεσιν,
383 1758 446 1838 έθη
477 1753 533 1821 καὶ
562 1757 687 1839 νόμιμα
713 1752 770 1819 καὶ
797 1753 1038 1837 ἐπιτηδεύματα
1065 1753 1189 1818 παλαιά

131 1878 157 1922 ιι
170 1864 394 1947 παρεχόμενος
416 1861 539 1946 αὐτῶν,
562 1861 582 1927 ἀ
606 1859 701 1947 μέχρι
723 1870 785 1927 τοῦ
807 1858 877 1925 κατ’
904 1856 961 1944 ἐμὲ
983 1859 1189 1944 φυλάττουσι

170 1971 307 2054 χρόνου,
330 1960 384 2033 ολα
406 1969 495 2051 παρὰ
518 1979 585 2033 τών
607 1969 785 2051 προγόνων
809 1964 973 2045 ἐδέξαντο·
1002 1965 1064 2051 οὐχ
1087 1965 1189 2048 ῆγοό-

170 2096 269 2157 μενος
288 2072 436 2159 ἀποχρῆν
455 2083 524 2150 τοῖς
542 2071 773 2158 ἀναγράφουσι
792 2073 850 2149 τάς
868 2072 1005 2158 ἀρχαίας
1022 2069 1078 2136 καὶ
1096 2092 1189 2138 τοπι-

170 2180 229 2255 κάς
244 2180 400 2265 ἱστορίας,
419 2179 464 2256 ώς
476 2179 564 2264 παρά
583 2190 650 2244 τῶν
668 2177 853 2265 ἐπιχωρίων
872 2177 973 2255 αάτάς
986 2175 1189 2263 παρέλαβον,

170 2284 368 2363 ἀξιοπίστως
386 2287 547 2370 διελθεῖν,
569 2284 654 2351 ἀλλά
671 2283 727 2350 καὶ
746 2295 937 2370 μαρτυριῶν
956 2286 1108 2367 οἰόμενος
1129 2284 1189 2349 αὐ-

131 2418 158 2457 εο
171 2401 242 2467 ταῖς
256 2392 329 2456 δεῖν
342 2396 476 2457 πολλῶν
490 2389 546 2457 καὶ
561 2389 839 2475 δυσαντιλέκτων,
858 2393 889 2456 εί
901 2388 1059 2475 μέλλουσι
1073 2387 1188 2455 πισταὶ

136 2499 392 2582 3φανῆσεσθαι.
443 2497 489 2562 έν
517 2490 569 2574 αἷς
600 2508 713 2583 πρώτα
746 2495 801 2562 καλ
832 2498 1017 2582 κυριώτατα
1053 2497 1189 2561 πάντων

170 2598 257 2669 εἶναι
280 2605 440 2687 πείθομαι
467 2603 507 2667 τά
535 2605 695 2688 γινόμενα
722 2599 799 2668 καθ’
828 2599 968 2686 ἑκάστην
990 2603 1089 2667 πόλιν
1112 2599 1190 2687 περὶ

169 2716 261 2776 θεῶν
279 2710 335 2773 καὶ
354 2709 524 2792 δαιμόνων
538 2713 697 2794 πατρίους
711 2709 906 2792 σεβασμούς.
936 2716 1037 2773 ταῦτα
1055 2707 1120 2792 γάρ
1135 2706 1189 2773 ἐπὶ

172 2818 332 2902 μήκιστον
354 2817 478 2901 χρόνον
502 2815 558 2880 διὰ
581 2820 731 2900 φυλακῆς
753 2817 820 2900 ἔχει
838 2808 954 2890 Ἑλλάς
975 2835 1010 2878 τε
1033 2810 1089 2878 καὶ
1108 2813 1189 2899 βάρ-

129 2948 155 2988 ετ
170 2927 273 3008 βαρος
294 2923 397 3007 χώρα,
419 2919 475 2986 καλ
498 2917 603 2986 οὐθέν
621 2920 711 2999 ἀξιοῖ
726 2930 937 3003 καινοτομεῖν
955 2921 1002 2996 είς
1020 2919 1103 2984 αὐτὰ
1122 2919 1188 2986 ὑπὸ

135 3031 325 3112 4δείματος
351 3027 557 3113 κρατουμένη
586 3028 779 3112 μηνιμάτων
807 3028 1000 3111 δαιμονίων.
1046 3026 1189 3110 μάλιστα

171 3130 208 3199 δὲ
230 3144 328 3200 τοῦτο
351 3137 562 3200 πεπόνθασιν
589 3135 625 3199 οί
649 3134 811 3220 βάρβαροι
839 3134 895 3198 διά
923 3132 1048 3209 πολλάς
1071 3135 1188 3217 αίτίας,

241 3329 267 3412 8,
278 3323 485 3392 συνοικήσαντα
505 3325 549 3379 Bb
618 3331 652 3380 20
672 3327 733 3379 δεῖν
752 3326 847 3387 αὐτοῖς
861 3322 1005 3393 Kiessling
1069 3331 1102 3378 22
1122 3325 1190 3388 τοὺς

169 3395 391 3536 χιχιρχιχενὸγχεῖ.
408 3404 483 3521 15023
502 3397 622 3466 πατρίου
641 3397 780 3469 σεβασμοῦ
796 3396 818 3449 Β
891 3401 925 3450 26
940 3392 1117 3465 κρατουμένη
1133 3395 1188 3452 del.
