2674 3978
204 200 248 264 48
630 202 792 250 -Ζ-

203 360 371 449 περιέσται
399 362 461 448 χδρ
488 361 570 445 ὑμῖν
597 357 674 445 μέν,
700 362 732 425 εἰ
758 369 857 426 τοῦτο
883 361 1052 442 ποιήσετε,
1079 357 1224 442 ἀγαθοῖς

160 477 161 482 ’
206 464 292 534 εἶναι
315 471 443 552 δοκεῖν,
466 479 535 546 τοῖς
558 463 589 533 δ’
612 465 765 551 ἀπεχθῶς
788 463 1008 550 διακειμένοις
1030 467 1114 552 πρὸς
1135 464 1225 550 ὑμᾶς
1319 445 1320 534 λ

204 585 386 660 μετανοεῖν.

271 680 405 747 XXXII.
442 684 566 746 Δίκαια
598 676 659 764 μὲν
691 680 733 764 δὴ
765 689 868 746 ταῦτα
894 681 1113 765 προεχόμενοι
1139 679 1225 766 πρὸς

179 788 293 871 τὺμᾶς
311 787 448 871 μεγάλα,
466 787 512 862 ἀς
529 783 560 869 χ’
578 780 641 852 οὖν
659 788 810 871 οἰόμεθα,
833 789 995 871 πεόθομεν
1012 785 1098 872 ὑμᾶς
1116 781 1225 870 μηδὲν

207 892 456 979 ἐξαμαρτάνειν
493 895 617 979 χρηστά
646 890 683 959 δὲ
710 891 766 959 καὶ
792 894 1017 980 φιλάνθρωπα
1045 895 1140 979 ἕρμα,
1172 883 1226 968 οἷς

206 1002 399 1085 χρησόμεθα
426 999 488 1065 οὐκ
516 999 678 1065 ὀνειδίσαι
706 1003 905 1085 βουλόμενοι
928 999 1029 1084 ὑμᾶς,
1056 996 1129 1064 ἀλλ’
1154 997 1226 1063 ε’πι-

206 1104 411 1192 εικεστέρους
433 1115 581 1191 ποιησαι,
598 1143 642 1154 -
660 1104 761 1192 χωρὶς
782 1091 850 1172 τῶν
871 1112 1022 1173 παλαιῶν
1044 1106 1085 1171 τά
1103 1102 1226 1170 νεωστὶ
1319 1141 1320 1202 χ

206 1215 369 1296 γενόμενα
391 1211 467 1299 περὶ
490 1212 550 1296 τὴν
572 1212 723 1278 κάθοδον
745 1212 857 1296 ὑμῶν,
879 1250 922 1268 -.
947 1206 1021 1294 [ὧν]
1045 1212 1139 1296 ἡμεῖς
1161 1207 1226 1296 μὲν

169 1345 194 1384 10
209 1317 424 1403 ἐπιλελῆσθαι
446 1323 658 1405 βουλόμεθα,
680 1319 775 1403 ὑμεῖς
798 1315 836 1384 δέ
859 1320 985 1385 δίκαιοί
1005 1317 1077 1384 ἐστε
1100 1325 1227 1403 μεμνῆ·

166 1432 299 1498 2σθαι.
350 1426 603 1510 ἀναγκαζόμεθα
635 1422 665 1490 δ’
697 1425 780 1490 αὐτὰ
807 1423 1011 1512 παραφέρειν
1038 1422 1117 1490 νυνὶ
1144 1421 1227 1511 χρῄ-
1319 1441 1320 1502 η

211 1536 320 1611 ζοντες
342 1531 417 1598 ἀντὶ
444 1538 577 1599 πολλῶν
603 1530 659 1598 καὶ
681 1532 850 1617 μεγάλων,
877 1527 925 1598 ὧν
948 1532 1029 1617 ὑμῖν
1052 1529 1320 1616 δεομένοις138ε

208 1637 448 1723 ἐχαρισάμεθα,
479 1639 604 1721 ταύτην
630 1636 706 1723 παρ’
738 1639 833 1722 ὑμῶν
859 1636 1050 1722 ἀντιλαβεῖν
1077 1639 1139 1722 τὴν
1167 1637 1227 1722 χά-
1319 1679 1320 1720 3

208 1768 280 1829 ριν,
307 1741 380 1829 μήτ’
407 1743 596 1810 ἀποκτεῖναι
619 1741 693 1829 μήτ’
715 1743 867 1828 ἐκβαλεῖν
888 1752 946 1828 τῆς
967 1747 1095 1822 πόλεως
1116 1745 1228 1829 ἀνδρα

169 1873 195 1916 ιι
208 1853 388 1936 φιλόπολιν
409 1848 465 1916 καὶ
492 1852 532 1915 τά
558 1848 698 1935 πολέμια
720 1851 854 1916 πάντων
875 1851 1061 1936 κράτιστον.
1107 1853 1227 1934 ζημιω-
1319 1841 1320 1868 ³

208 1960 337 2041 σόμεθα
368 1959 431 2043 χδρ
465 1957 505 2023 οὐ
538 1958 654 2044 μικρά,
690 1951 729 2022 εὖ
758 1963 840 2041 ῖστε,
872 1951 898 2021 ὦ
926 1958 1082 2041 δημόται,
1112 1959 1227 2023 τοιαό-
1319 2009 1320 2040 ,

208 2087 266 2156 της
294 2062 577 2149 ἀποστερήσαντες
606 2062 723 2148 ἀρετῆς
751 2063 813 2147 τὴν
841 2066 949 2128 πόλιν.
995 2063 1135 2147 μάλιστα
1162 2059 1227 2147 μὲν
1319 2047 1320 2106 Ῐ

210 2163 272 2236 οὖν
300 2167 343 2234 δι’
367 2169 469 2236 αὐτὸν
493 2169 622 2236 ἐκεῖνον
645 2169 780 2254 ὑφεῖναι
802 2177 859 2254 τῆς
882 2169 983 2256 ὀργῆς
1005 2170 1132 2235 δίκαιοί
1152 2168 1226 2235 ἐστε
1319 2225 1320 2262 3

209 2274 425 2360 μνησθέντες,
449 2265 548 2354 όσονς
570 2276 664 2360 ὑμῶν
689 2278 812 2341 ἔσωσεν
836 2275 872 2341 έν
892 2287 962 2353 τοῖς
979 2274 1147 2361 πολέμοις,
1168 2273 1229 2340 καὶ

170 2403 197 2442 ω
210 2383 254 2465 μὴ
278 2384 388 2464 λόχων
407 2392 622 2467 μνησικακεῖν
639 2383 790 2468 φαύλων,
813 2379 884 2447 ἀλλ’
908 2384 1016 2467 έρχων
1034 2388 1229 2466 μεμνῆσθαι
1319 2381 1320 2384 '

173 2492 332 2557 3καλῶν.
387 2488 405 2553 ό
437 2484 499 2572 μὲν
530 2489 593 2574 χδιρ
631 2491 730 2572 λόχος
761 2488 847 2572 ὑμᾶς
878 2497 939 2554 τοῦ
970 2487 1093 2574 ἀνδρὸς
1125 2484 1229 2553 οὐδέν

211 2597 366 2678 ἔβλαψεν,
385 2595 422 2660 αἱ
444 2591 480 2659 δὲ
503 2593 636 2679 πράξεις
657 2595 760 2660 αὐτοῦ
778 2595 903 2680 μεγάλα
922 2593 1107 2680 ὠφέλησαν.
1140 2597 1171 2660 εἰ
1190 2592 1229 2661 δὲ
1319 2599 1320 2602 ’

211 2703 293 2788 πρὸς
319 2708 440 2767 τοῦτον
456 2699 691 2777 ἀδιαλλάκτως
719 2703 822 2786 ἔχετε,
852 2701 933 2784 ἡμῖν
960 2698 1001 2784 μέ
1025 2723 1076 2766 τοι
1103 2699 1159 2766 καὶ
1187 2711 1228 2787 τῇ

211 2810 316 2892 βουλῇ
339 2810 522 2895 χαρίσασθε
546 2807 649 2874 αὐτὸν
668 2805 849 2892 δεομένοις,
870 2795 926 2872 καλ
945 2807 1143 2891 διαλλάγητε
1161 2809 1228 2894 ἤδη
1319 2785 1320 2812 ¹

171 2933 197 2975 ει
211 2909 290 2980 ποτέ
312 2917 453 2999 βεβαίως
475 2917 537 2998 τήν
558 2938 593 2980 τε
611 2917 722 2998 πόλιν,
745 2913 854 3001 ὥσπερ
874 2912 906 2992 ἐξ
925 2913 1028 3000 ἀρχῆς
1046 2909 1124 2998 εἶχε,
1147 2918 1231 2999 μίαν
1319 2981 1320 2984 ,

283 3109 298 3156 6
318 3104 352 3159 cf.
373 3105 480 3174 Kayser
498 3105 569 3161 Ann.
585 3105 653 3175 phil.
671 3111 739 3161 1868
758 3124 785 3175 p.
800 3110 853 3159 814
909 3110 924 3160 ’λ
943 3106 1028 3177 ὑμᾶς]
1045 3107 1112 3176 όμῖν
1126 3105 1230 3162 Portus
1319 3119 1320 3140 λ

203 3179 228 3226 ο
247 3167 286 3227 ὧν
305 3174 359 3230 del.
380 3174 493 3231 Κοειιῑη
510 3176 677 3246 Philologus
692 3183 727 3231 34
742 3180 834 3246 (τετε)
853 3194 880 3245 p.
896 3181 948 3230 τσο
1004 3183 1037 3232 10
1056 3182 1230 3248 μεμνῆσθαι,
1319 3177 1320 3248 λ

212 3244 432 3314 ἀναγκαζόμεθα
455 3247 536 3303 αὐτοὶ
558 3245 737 3320 παραφέρειν
760 3265 782 3303 ο.
804 3245 926 3302 Schenkl
942 3246 1074 3302 Bursiani
1092 3248 1231 3304 librorum
1319 3251 1320 3308 ι

212 3314 305 3370 annal.
325 3316 494 3372 breviarium
511 3337 537 3388 p.
558 3325 591 3373 53
666 3326 697 3373 11
723 3317 946 3388 ἀναγκαζόμενοι
964 3317 987 3372 0
1007 3319 1231 3390 ἀναγκαζόμεθα
1319 3311 1320 3328 ’

213 3385 335 3456 Sylburg
354 3391 383 3440 et
401 3388 524 3444 Sinbenis
543 3389 602 3445 Em.
622 3388 703 3445 Dion.
722 3390 763 3444 111
782 3396 798 3444 3
873 3397 905 3444 19
924 3391 991 3460 ὑμῖν
1009 3390 1055 3444 Ba
1123 3396 1157 3446 25
1177 3411 1231 3446 πο-

211 3457 277 3530 λ<ιν
295 3457 406 3530 ὡ>οπερ
425 3460 472 3513 Bb
