2674 3978
552 293 713 342 -Ζ-
1097 289 1139 356 37

188 447 312 514 XXIII.
340 452 386 514 Εί
407 448 447 515 δέ
466 466 554 516 τισιν
575 451 672 535 ὑμῶν
690 453 784 518 δεινὰ
802 449 864 536 μὲν
886 453 926 517 τδ
948 463 1009 520 τοῦ
1032 455 1142 538 δήμου

121 557 203 642 ἔργα
222 550 311 621 είναι
329 557 431 639 δοκεῖ,
453 555 508 622 καὶ
527 558 718 623 κωλύεσθαι
736 557 839 623 αὐτὸν
859 564 987 624 οίονται
1010 559 1084 625 δεῖν
1101 561 1141 626 τδι

121 661 223 727 λοιπὰ
251 659 534 749 ἐξαμαρτάνοντα,
562 662 636 740 δέος
664 660 694 728 δ’
721 661 918 750 εἰσέρχεται,
944 667 989 749 μή
1018 664 1141 743 δόξωσι

121 769 218 833 λύειν
248 769 307 844 τὰς
338 768 516 852 ὁμολογίας
546 772 702 855 πρότεροι
731 767 786 835 καὶ
813 772 1034 857 παραβαίνειν
1064 773 1142 848 τοὺς

50 873 257 960 ιεοσὸρκους,
279 875 471 960 γνώτωσαν,
493 875 544 940 ὅτι
563 875 624 940 ούκ
643 876 811 962 ἄρχοντες,
829 871 902 941 ἀλλ’
925 874 1141 961 ἀμυνόμενοι,
1167 897 1181 938 ο

122 977 198 1047 οὐδ’
214 979 432 1067 ἀναιροῦντες
449 982 507 1058 τδις
526 981 715 1066 ὁμολογίας,
738 980 822 1047 ιἰλλδ
840 985 918 1060 τούς
935 982 1142 1070 ἀνῃρηκότας
1178 1009 1180 1014 ·

121 1088 368 1173 τιμωρούμενοι
398 1086 493 1168 [αὐτὸ
517 1089 675 1173 δρῦσιν],
702 1085 849 1153 ἀναίτιοί
872 1112 907 1154 τε
934 1091 1018 1176 πρὸς
1039 1093 1143 1168 θεοὺς

123 1195 257 1258 ἔσονται
288 1189 345 1258 καὶ
377 1189 438 1257 ἐπὶ·
462 1199 508 1280 τῷ
541 1189 688 1282 σφετέρῳ
722 1191 927 1280 συμφέροντι
959 1195 999 1260 τὰ
1032 1197 1143 1262 δίκαια

122 1299 296 1386 πράξουσι.
338 1296 421 1383 με’γα
444 1295 475 1363 δ’
501 1297 583 1382 ὑμῖν
605 1296 757 1382 γενέσθω
780 1301 974 1385 τεκμήριον,
1002 1301 1053 1366 ὅτι
1081 1305 1177 1369 τοῦ2

122 1395 218 1472 λύειν
235 1406 294 1482 τοῖς
313 1406 490 1489 ὁμολογίας
511 1402 567 1470 καὶ
585 1407 834 1492 παρασπονδεῖν
852 1404 913 1491 οὐχ
931 1405 1037 1491 ὑμεῖς,
1057 1406 1142 1473 ἀλλὰ
1157 1427 1183 1467 ιο

122 1515 162 1580 τὸ
190 1514 370 1597 δημοτικὸν
397 1512 490 1598 ἄρχει
517 1509 616 1597 μέρος
643 1511 705 1578 ούκ
736 1511 854 1592 ἀξιοῦν
884 1509 1055 1596 ἐμμένειν,
1087 1509 1139 1599 ἐφ’

124 1610 175 1696 οἷς
197 1619 313 1705 εύρετο
335 1619 397 1703 τήν
420 1619 586 1685 κάθοδον·
610 1618 651 1684 ού
675 1620 737 1704 γδρ
762 1615 816 1684 ἐπὶ
834 1627 879 1705 τῷ
897 1629 1004 1694 κακῶς
1023 1618 1142 1702 δρᾶσαι

123 1728 185 1810 τὴν
212 1726 357 1810 βουλήν,
388 1722 461 1791 ἀλλ’
487 1722 540 1790 ἐπὶ
568 1733 614 1813 τῷ
645 1725 690 1809 μή
717 1722 774 1789 ὑπ’
800 1724 929 1808 ἐκείνης
955 1731 1143 1790 κακοῦσθαι

123 1834 185 1916 τήν
208 1842 276 1897 τῶν
299 1831 479 1918 δημάρχων
501 1831 656 1910 ἐξουσίαν
674 1827 828 1917 ᾐτήσατο.
868 1839 986 1919 χρῆται
1005 1827 1036 1895 δ’
1057 1830 1140 1917 αὐτή

125 1936 236 2006 ούκέτι
266 1939 313 2013 είς
343 1936 363 2002 δ
394 1939 448 2002 δεῖ
468 1933 542 2003 οὐδ’
569 1933 621 2022 ἐφ’
649 1927 701 2014 οίς
727 1937 860 2024 εύρετο,
889 1935 963 2003 ἀλλ’
990 1933 1043 2002 ἐπὶ
1071 1938 1143 2002 δια-
1157 1955 1182 1998 ιι

124 2051 240 2130 φθορᾷ
264 2040 320 2108 καὶ
344 2043 501 2128 συγχύσει
523 2052 582 2128 τῆς
604 2047 745 2129 πατρίου
763 2047 938 2121 πολιτείας.
970 2040 1177 2127 μέμνησθε3

124 2152 188 2238 γὰρ
217 2151 326 2234 δήπου
348 2150 410 2234 τήν
432 2146 552 2215 νεωστὶ
581 2147 766 2234 γενομένην
789 2148 965 2233 ἐκκλησίαν
987 2146 1043 2213 καὶ
1065 2151 1143 2226 τοὺς

125 2257 192 2323 ὑπὸ
215 2267 283 2322 τῶν
306 2258 514 2340 δημαγωγῶν
537 2253 702 2341 ῥηθέντας
730 2255 767 2321 έν
789 2255 872 2340 αὐτῇ
896 2257 1033 2339 λόγους,
1060 2255 1143 2340 ὅσην

126 2361 337 2441 ἐπεδείξαντο
361 2360 547 2427 αύθύδειύν
568 2384 603 2427 τε
625 2358 681 2426 καὶ
704 2360 884 2447 ἀκοσμίαν,
906 2359 962 2426 καὶ
984 2347 1065 2446 νῦν,
1088 2358 1140 2447 ἐφ’

127 2471 202 2536 οἴου
216 2467 303 2534 είσὶν
322 2469 509 2555 αὐχήματος
527 2469 562 2534 οί
573 2464 679 2552 μηδὲν
692 2465 784 2552 ὑγιὲς
797 2457 1013 2554 φρονοῦντες,
1029 2467 1143 2554 ἐπειδή
1157 2489 1184 2528 ιο

127 2579 294 2660 ἔγνωσαν,
322 2576 366 2652 ὡς
394 2574 431 2641 έν
453 2584 492 2661 τῇ
519 2577 620 2664 ήήφφ
650 2573 739 2641 ἐστίν
766 2576 855 2642 ἅπαν
877 2577 914 2642 τὸ
937 2584 995 2660 τῆς
1016 2578 1144 2652 πόλεως

63 2683 263 2766 1366κρύτος,
285 2677 325 2766 ής
348 2680 442 2748 αὐτοὶ
464 2678 666 2766 κρατήσουσι
688 2685 824 2761 πλείους
850 2681 944 2768 ἡμῶν
968 2683 1069 2758 ὄντες.
1110 2682 1146 2743 τί
1155 2682 1179 2747 4

129 2783 191 2854 οὖν
214 2791 443 2854 καταλείπεται
465 2798 575 2854 ποιεῖν
591 2789 672 2872 ἡμῖν
689 2786 862 2874 ἀρξάντων
881 2789 1017 2852 ἐκείνων
1039 2806 1144 2869 παρα-

130 2896 289 2960 σπονδεῖν
316 2892 371 2960 καὶ
398 2905 619 2981 παρανομεῖν,
649 2896 681 2960 εί
711 2894 755 2978 μή
783 2895 821 2959 τὸ
852 2892 1040 2978 ἀμύνεσθαι
1067 2894 1145 2968 τοὺς

129 3001 307 3088 ἄρξαντας,
336 2997 392 3066 καὶ
420 2999 440 3065 ἃ
467 2997 548 3078 τέως
570 2999 694 3078 ἀδίκως
717 3003 851 3086 ἔχουσιν
873 2995 1058 3083 ἀφελέσθαι
1081 2999 1145 3062 σὺν
1158 3015 1185 3057 ει

129 3109 221 3194 δίκη,
250 3104 306 3172 καὶ
329 3109 377 3184 είς
398 3108 435 3171 τὸ
459 3107 577 3172 λοιπὸν
599 3115 723 3171 παῦσαι
745 3108 911 3172 πλειόνων
934 3101 1142 3190 ἐφιεμένους·

200 3269 216 3317 ε
236 3248 445 3317 *mammeam
464 3261 495 3332 0,
515 3248 565 3316 'sed
583 3281 615 3318 κε
635 3263 746 3332 syllaba
763 3262 794 3316 in
811 3262 835 3315 A
853 3279 870 3316 a
887 3280 961 3317 man.
981 3261 1030 3317 alt.
1045 3260 1145 3315 addita

130 3337 173 3389 est
185 3333 348 3390 κωλύεσθαι
362 3349 415 3402 ego
470 3342 486 3388 ὅ
505 3328 557 3389 έδιν
571 3335 623 3389 οῦκ
640 3365 668 3374 -
686 3335 790 3405 δρῶσιν
804 3350 828 3391 ο.
837 3333 942 3388 Reiske
957 3332 1143 3402 αύτδδρῦσιν

131 3405 183 3460 del.
202 3404 311 3474 Kayser
329 3403 400 3459 Anu.
419 3403 489 3473 phil.
506 3410 574 3460 1888
592 3423 620 3474 p.
635 3412 687 3460 813
707 3413 789 3460 τοῦτο
808 3405 911 3476 δρῶσιν
930 3421 954 3460 ο.
972 3403 1117 3472 Kiessling
1138 3403 1142 3472 Ι

130 3474 189 3530 ἀλλ’
211 3493 266 3531 om.
285 3473 336 3530 Ac
392 3480 426 3529 14
444 3474 587 3548 χρῆτ<οιι>
605 3475 652 3530 Bb
707 3481 741 3531 22
759 3471 805 3546 ἧς]
824 3476 914 3530 καλΒ
974 3481 1008 3529 25
1028 3471 1143 3545 διτέως]

131 3547 177 3603 ἅτε
195 3546 276 3603 ABG
295 3545 345 3601 ἅτε
363 3543 430 3608 τέως
449 3545 522 3615 Omg
