2656 3974
486 216 728 268 ’·-Θ-
1087 217 1153 284 373

9 439 12 446 ,
135 398 248 459 ναμις,
276 369 361 460 ἦγον
384 372 437 441 ἐπὶ
460 379 539 454 τούς
562 380 749 462 πολεμίους.
796 378 832 444 οἰ
852 375 890 445 δέ
913 379 1155 467 διαρπάσαντες

134 477 189 546 καλ
218 483 483 560 κατακαύσαντες
511 485 548 550 τὸ
576 485 741 571 ῳρούριον
769 482 918 572 ἀπῄεσαν
947 487 1000 553 διὰ
1026 487 1155 573 τάχους.

134 591 208 653 τότε
231 583 292 671 μὲν
316 583 379 654 οὐν
402 588 438 654 οί
457 589 576 654 ὕπατοι
600 587 777 674 σβέσαντες
795 593 836 657 τά
854 595 902 658 ἔτι
920 596 1081 679 καιόμενα
1099 593 1154 662 καὶ
1173 590 1194 654 3

134 703 194 760 τοῦ
213 697 338 779 χωρίου
356 697 510 782 φυλακήν
528 700 763 776 καταλιπόντες
780 696 931 786 ἀπῄεσαν
951 701 998 778 εἰς
1015 702 1077 785 τήν
1095 704 1155 768 πό-

134 805 203 865 λιν·
228 799 356 884 ὀλίγαις
379 797 411 868 δ’
426 802 568 888 ὕστερον
591 802 727 890 ἡμέραις
749 805 807 882 τάς
829 804 856 871 τ’
876 808 999 884 οἰκείας
1022 809 1154 893 ἔχοντες
1180 831 1194 873 ε

135 906 293 991 δυνάμεις
315 906 370 973 καί
393 909 451 986 τάς
473 911 563 995 παρὰ
585 920 653 976 τῶν
677 913 860 997 συμμάχων
884 910 1023 999 ἐξῄεσαν
1046 912 1154 1000 ἀμφό-

134 1036 241 1100 τεροι,
268 1013 465 1100 Οὐεργίνιος
487 1011 548 1100 μέν
572 1015 626 1083 ἐπὶ
649 1019 711 1102 τήν
734 1020 905 1104 Αἰκανῶν,
927 1021 1094 1105 Νομίκιος
1117 1017 1148 1085 δ’

136 1117 189 1185 ἐπὶ
225 1122 286 1205 τήν
320 1120 558 1189 Οὐολούσκων·
595 1121 651 1189 καί
688 1123 802 1204 αὐτοῖς
838 1123 1039 1212 ἀμφοτέροις
1070 1128 1154 1194 κατά

134 1229 271 1312 γνώμην
294 1229 333 1293 τά
356 1237 417 1295 τοῦ
439 1226 587 1314 πολέμου
612 1227 788 1317 ἐχώρησεν.
827 1232 1014 1320 Οὐεργινίῳ
1035 1254 1071 1297 τε
1090 1233 1153 1318 γὰρ
1172 1234 1195 1298 4

134 1331 277 1400 Αἰκανοὶ
301 1337 440 1422 δῃοῦντι
461 1337 523 1420 τήν
546 1337 658 1422 χώραν
681 1336 791 1404 αὐτῶν
816 1336 877 1403 οὐκ
900 1335 1084 1422 ἐτόλμησαν
1107 1339 1155 1416 εἰς
1169 1363 1195 1404 ιο

134 1451 248 1526 χεῖρας
270 1440 396 1526 ἐλθεῖν,
419 1443 503 1510 ἀλλά
526 1441 582 1508 καί
605 1445 707 1528 λόχον
730 1445 805 1509 τινά
827 1441 1093 1522 ὑποκαθίσαντες
1117 1442 1153 1510 ἐν

134 1547 442 1626 ὐλαιςιέπιλέκτων
474 1549 627 1636 ἀνδρῶν,
664 1553 700 1616 οἳ
729 1551 869 1635 ἔμελλον
902 1547 1154 1635 ἐσκεδασμένοις

134 1653 358 1740 ἐπιθήσεσθαι
389 1665 460 1734 τοῖς
490 1659 677 1741 πολεμίοις,
716 1657 899 1743 διήμαρτον
931 1666 988 1743 τῆς
1021 1656 1154 1734 ἐλπίδος

134 1763 266 1848 ταχείας
288 1761 470 1847 γενομένης
491 1772 562 1840 τοίς
575 1761 748 1848 Ῥωμαίοις
766 1766 954 1848 αἰσθήσεως
971 1759 1028 1830 καὶ
1047 1765 1153 1850 μάχης

63 1875 310 1954 ιεεεκαρτερᾶς,
344 1867 377 1948 ἐξ
408 1863 447 1953 ής
475 1873 622 1948 πολλοὺς
650 1880 718 1936 τῶν
748 1868 919 1958 σφετέρων
949 1871 985 1936 οἰ
1011 1869 1153 1936 Αἰκανοὶ
1168 1891 1193 1935 1⁵

133 1973 315 2058 ἀπέβαλον·
339 1973 415 2042 ὥστ’
443 1973 518 2042 οὐδ’
546 1978 594 2054 εἰς
615 1987 735 2064 πεῖραν
758 1975 870 2063 ἑτέρας
893 1977 998 2062 μάχης
1021 1973 1066 2042 ἐτ’
1094 1979 1153 2062 ήρ-

133 2103 243 2167 χοντο.
289 2085 443 2172 Νομικίῳ
467 2080 494 2148 τ’
518 2085 635 2167 ἀγοντι
657 2085 719 2168 τήν
742 2084 899 2170 στρατιάν
923 2081 976 2148 ἐπὶ
998 2083 1060 2166 τήν
1079 2081 1152 2149 Ἀν-
1171 2081 1192 2147 5

133 2198 255 2254 τιατῶν
281 2190 396 2274 πόλιν,
423 2189 444 2273 ἣ
473 2188 509 2256 ἐν
538 2201 608 2268 ταῖς
635 2191 781 2276 πρώταις
806 2192 880 2256 τότε
908 2199 975 2256 τῶν
1003 2189 1153 2257 Οὐολού-

133 2310 224 2361 σκων
251 2297 389 2361 πόλεσιν
416 2291 475 2380 ἦν,
502 2297 642 2380 οὐδεμία
670 2298 863 2382 ἠναντιώθη
892 2297 1050 2381 δύναμις,
1077 2295 1149 2363 ἀλλ’

133 2401 198 2467 ἀπὸ
226 2411 294 2467 τῶν
321 2412 438 2487 τειχῶν
466 2401 690 2487 ἀναγκάζοντο
715 2401 846 2469 ἕκαστοι
870 2402 1068 2487 ἀμύνεσθαι.
1115 2401 1151 2469 ἐν
1166 2428 1192 2468 ιο

134 2505 173 2573 δὲ
196 2509 303 2598 τούτῳ
325 2509 347 2592 ή
366 2532 400 2575 τε
419 2518 460 2594 γῆ
480 2509 591 2576 αὐτῶν
609 2510 629 2594 ή
649 2511 756 2594 πολλή
775 2507 915 2594 ἐτμήθη,
937 2507 997 2596 καίΙ
1010 2512 1151 2595 πολίχνη

133 2639 184 2694 τις
212 2612 443 2693 ἐπιθαλάττιος
471 2613 555 2682 ἑάλω
562 2665 572 2700 ,
600 2609 622 2701 ῄ
651 2614 783 2705 ἐπινείῳ
810 2638 845 2680 τε
873 2613 928 2680 καὶ
956 2614 1062 2704 ἀγορᾷ
1085 2625 1151 2681 τών

134 2724 183 2800 εἰς
205 2724 265 2789 τὸν
288 2724 365 2806 βίον
389 2721 580 2805 ἀναγκαίων
603 2721 748 2808 ἐχρῶντο
755 2772 765 2807 ,
789 2721 825 2788 ἐκ
847 2723 1016 2807 θαλάττης
1037 2744 1072 2787 τε
1095 2720 1151 2787 καί

135 2829 191 2895 διά
215 2832 402 2916 λῃστηρίων
425 2829 484 2908 τὰς
505 2829 632 2906 πολλάς
654 2827 854 2913 ἐπαγόμενοι
878 2829 1048 2914 ὠφελείας.
1094 2827 1151 2894 ἀν-

134 2936 287 3022 δράποδα
309 2933 370 3021 μὲν
391 2931 457 3002 οὐν
475 2933 530 3001 καλ
548 2939 698 3022 χρήματα
715 2933 771 3002 καὶ
789 2937 981 3022 βοσκήματα
1000 2933 1056 3000 καί
1073 2937 1151 3011 τούς
1165 2959 1190 3006 ετ

8 3029 10 3060 '
133 3041 334 3130 ἐμπορικοὺς
355 3045 502 3131 φόρτους
524 3042 544 3126 ή
564 3044 700 3129 στρατιὰ
720 3044 926 3131 συγχωρήσει
944 3049 1004 3108 τοῦ
1021 3037 1151 3107 ὐπάτου

207 3277 221 3325 1
245 3264 400 3345 ήγ<ον>Β
495 3277 510 3326 7
535 3267 583 3326 ἐπὶ
600 3271 651 3340 τήν
670 3267 800 3326 Αἰκανῶν
820 3271 958 3342 Νομίκιος
977 3269 1008 3325 δὲ
1030 3286 1085 3325 om.
1103 3268 1151 3322 Βιι

135 3348 168 3398 16
188 3339 229 3396 ἔτι
247 3341 270 3396 Β
340 3349 373 3398 18
391 3341 426 3467 fig
442 3345 509 3413 post
526 3341 609 3398 πόλιν
627 3343 730 3397 lacuna
749 3344 885 3412 quattuor
902 3341 961 3396 fere
979 3341 1149 3410 litterarum,

130 3411 150 3481 ἣ
171 3415 201 3468 ελ
218 3415 280 3469 τότε
300 3412 402 3468 add.B
518 3419 552 3468 20
572 3413 695 3486 ἕκαστοι]
716 3409 826 3469 ἐκεῖνον
845 3430 868 3470 ι.
881 3411 1014 3472 Hertlein
1032 3411 1149 3468 Hermes

132 3484 159 3540 X
177 3489 230 3540 418
303 3490 336 3540 22
357 3479 428 3540 ἑάλω
447 3501 501 3542 om.
520 3485 602 3541 ABO
622 3486 686 3542 add.
705 3483 780 3554 Cmg
