2660 3976
139 406 221 492 τάχη
244 414 314 482 τοῖς
336 402 570 489 ἀδικουμένοις
592 401 664 470 οὐδ’
688 403 730 469 ἂν
754 399 955 469 ἐλπισθέντα
977 404 1160 488 παρεσκεύ-

140 528 232 596 ασεν,
253 510 289 578 έν
308 503 334 599 ᾧ
354 510 564 590 στασιάζωσι
581 509 637 576 καί
654 509 902 576 ὑποπτεύουσιν
919 508 1085 594 ἀλλήλους
1102 507 1160 574 καὶ

139 620 305 704 ἡγεμόνας
327 621 462 703 ἔχουσιν
484 615 642 701 ἀπείρους
664 613 820 700 πολέμου.
863 612 969 701 άμλν
991 610 1055 682 οὖν
1076 615 1161 681 ὑπο·
1212 625 1218 638 “

139 729 299 794 τίθεσθαι
320 725 390 789 ἔδει
412 726 525 806 λόγοις
542 719 598 788 καὶ
615 732 791 808 παραινεῖν
808 726 930 807 φίλοις,
953 723 1035 806 μετὰ
1052 721 1163 807 πάσης

114 831 274 908 εεύνοίας
300 827 355 895 καὶ
382 832 522 905 πίστεως
549 825 704 913 εἰρημένα
731 826 788 894 ὑπ’
815 828 913 913 έμοῦ,
939 825 1029 894 ταῦτ’
1058 827 1163 912 ἐστίν,

141 939 163 1004 ἃ
190 935 228 1004 δὲ
254 933 331 1022 παρ’
360 934 445 1001 αὐτὰ
471 935 512 999 τά
534 937 615 1020 ἔργα
638 932 790 1000 ἑκάστοτε
813 938 1027 1022 προορᾶσθαί
1046 958 1081 1000 τε
1103 933 1164 999 καὶ

142 1050 365 1129 μηχανᾶσθαι,
385 1045 512 1128 δεήσει,
543 1053 613 1119 τοίς
638 1042 778 1127 ἡγεμόσι
804 1051 863 1126 τῆς
890 1042 1064 1127 δυνάμεως
1091 1041 1165 1108 ἀτι-

106 1148 281 1237 6τρέιγατε
304 1151 523 1216 διανοεῖσθαι.
559 1151 738 1234 πρόθυμον
757 1150 820 1234 γάρ
839 1147 895 1214 καὶ
912 1150 1038 1234 τούμὸν
1057 1151 1253 1234 ἑστάκεσαν
1327 1214 1328 1268 χ

143 1256 180 1322 ἐν
211 1250 236 1345 95
266 1259 309 1322 άν
338 1279 379 1341 με
407 1256 541 1340 τάττητε
572 1258 678 1344 τόπῳ,
709 1252 765 1320 καὶ
793 1255 992 1340 πειράσομαι
1018 1257 1166 1340 μηδενὸς

102 1385 129 1426 ιο
143 1359 229 1431 εἶναι
251 1366 373 1450 χείρων
396 1366 476 1447 μήτε
499 1364 702 1448 στρατιώτου
725 1364 804 1446 μήτε
823 1367 968 1447 λοχαγοῦ
986 1364 1068 1447 μήτε
1085 1361 1166 1446 ήγε-

143 1472 258 1556 μόνος·
282 1457 375 1535 ἀλλά
388 1467 602 1555 καταχρήσθέ
622 1492 678 1553 μοι
697 1470 865 1553 λαβόντες,
888 1468 973 1535 ὅπου
991 1469 1033 1535 άν
1051 1467 1166 1554 μέλλω

142 1600 174 1642 τι
197 1577 283 1662 ὑμᾶς
305 1576 506 1661 ὠφελήσειν,
528 1573 583 1641 καὶ
606 1569 646 1640 εὖ
670 1581 738 1640 ίστε
762 1574 830 1659 ὅτι,
851 1577 884 1640 εί
904 1581 1058 1660 πολεμῶν
1080 1575 1167 1659 ὑμίν

142 1684 269 1769 μεγάλα
297 1683 457 1766 βλάπτειν
485 1684 626 1759 δυνατὸς
648 1675 707 1766 ήν,
736 1679 792 1747 καὶ
815 1684 879 1747 σὺν
900 1681 982 1767 ὑμῖν
1005 1681 1168 1765 ἀγωνιζό-

143 1812 243 1875 μενος
265 1788 394 1873 μεγάλα
413 1789 600 1873 δυνήσομαι
623 1789 774 1873 ὠφελεῖν.

103 1916 130 1958 ιι
198 1895 317 1976 VIIII.
349 1899 493 1960 Τοιαῦτα
516 1892 578 1980 μὲν
601 1895 620 1962 ὁ
642 1894 797 1982 Μάρκιος
820 1889 920 1960 εἶπεν.
957 1895 994 1961 oc
1014 1891 1050 1960 δὲ
1076 1895 1169 1961 Οὐο-

144 2009 281 2069 λοῦσκοι
308 1999 464 2086 λέγοντός
490 2026 524 2068 τε
551 2009 612 2068 τοῦ
637 2000 761 2087 ἀνδρὸς
783 2003 831 2067 ἔτι
855 2003 951 2086 δήλοι
974 1996 1060 2085 ήσαν
1083 2001 1169 2085 άγά-

145 2134 240 2195 μενοι
267 2112 346 2186 τοὺς
372 2111 510 2192 λόγους,
535 2106 592 2174 καὶ
620 2106 733 2191 ἐπειδή
762 2107 927 2173 ἐπαύσατο
950 2109 1077 2195 μεγάλη
1099 2112 1169 2194 βοή

144 2216 264 2292 πάντες
291 2216 500 2300 ἐπεσήμηναν
528 2215 572 2292 ὡς
598 2216 638 2280 τὰ
660 2215 818 2300 κράτιστα
839 2211 1038 2302 ὑποθεμένῳ
1061 2217 1169 2297 λόγον

145 2320 175 2388 τ’
200 2319 318 2389 οὐθενὶ
340 2320 522 2409 προθέντες
545 2320 739 2406 ἐπικυροῦσι
757 2321 818 2404 τήν
837 2322 983 2406 γνώμην.
1018 2319 1168 2407 γραφέν-

106 2452 133 2492 εο
147 2453 203 2506 τος
233 2425 271 2493 δέ
299 2437 360 2494 τοῦ
391 2430 554 2513 δόγματος
581 2428 685 2505 εὐθὺς
712 2427 745 2506 ἐξ
774 2425 911 2511 ἑκάστης
936 2431 1065 2505 πόλεως
1086 2429 1170 2505 τοὺς

147 2535 428 2621 ἐπιφανεστάτους
457 2536 582 2620 ἀνδρας
613 2532 764 2618 ἑλόμενοι
792 2534 997 2619 πρεσβευτάς
1026 2536 1074 2612 είς
1101 2536 1169 2619 τήν

141 2643 267 2728 Ῥώμην
290 2640 499 2708 ἀπέστειλαν·
522 2650 567 2730 τῷ
593 2638 630 2706 δὲ
652 2643 796 2731 Μαρκίῳ
819 2643 1018 2725 ψηφίζονται
1041 2644 1170 2725 βουλῆς

147 2773 183 2817 τε
205 2751 383 2835 μετουσίαν
407 2745 444 2813 έν
467 2746 576 2834 άπάση
593 2750 689 2814 πόλει
708 2746 763 2812 καὶ
782 2747 884 2834 ἀρχάς
902 2746 1024 2826 ἐξεῖναι
1042 2769 1169 2813 παντα-

148 2860 225 2944 χόσε
244 2853 391 2942 μετιέναι
409 2852 464 2919 καὶ
482 2865 549 2919 τῶν
567 2856 691 2938 ἀλλων,
710 2854 817 2920 ὁπόσα
834 2856 1013 2940 τιμιώτατα
1025 2848 1069 2939 ήν
1083 2853 1163 2942 παρ’

106 2937 271 3052 ,Ξαῦτοῖς
294 2958 449 3047 μετέχειν.
485 2957 541 3025 καὶ
563 2958 643 3047 πρὶν
665 2959 686 3044 ή
709 2962 768 3038 τάς
785 2958 955 3046 Ῥωμαίων
976 2960 1257 3047 ἀποκρίσεις1523

222 3161 237 3208 6
262 3152 365 3209 ἕκαστα
387 3152 413 3207 Α
488 3159 503 3208 7
526 3151 601 3207 inter
624 3147 792 3222 έτιιτρεήατε
816 3155 850 3207 et
867 3154 1049 3209 διανοεισθαι
1069 3154 1169 3210 deesse

148 3225 286 3281 nonnulla
303 3224 408 3279 Reiske
426 3225 523 3278 censet
609 3230 638 3278 11
661 3227 858 3294 καταχρῆσθαι
877 3224 929 3278 ΑΒ
1014 3231 1047 3280 18
1067 3220 1169 3294 ἐπεση-

149 3296 316 3384 μήναντοο
336 3294 439 3350 Reiske
462 3297 467 3364 Ι
491 3293 687 3376 ἀποτιθεμένου
705 3295 751 3349 Ba
774 3293 981 3365 ῦποτιθεμένου
1000 3296 1077 3350 ABb
1097 3298 1170 3352 ὑπο·

148 3365 221 3438 θεμ
208 3387 261 3440 ενῳ
239 3365 403 3420 mReudIer
421 3365 510 3422 Τίτου.
530 3365 591 3420 crit
607 3384 634 3436 p.
650 3349 775 3421 ο4τοοιο
789 3366 824 3420 of
839 3367 904 3421 VIII
919 3374 989 3434 '124
1046 3372 1078 3423 19
1097 3388 1169 3438 προ-

148 3436 250 3565 ΙθΙεΙντες
262 3437 309 3490 Ba
327 3435 500 3516 προσθέντες
513 3438 589 3493 ABh
606 3441 611 3507 Ι
628 3435 717 3492 ἔτιυ
682 3457 717 3491 κν
719 3445 853 3508 ροῦσι.νο
869 3437 993 3492 Sintenis
1007 3437 1069 3493 Em.
1084 3439 1167 3494 Dion.
