2586 3972
522 225 690 274 -H-
1047 222 1113 288 233

106 388 259 448 τελευτῶν
292 379 330 448 δέ
362 393 422 450 τοῦ
456 386 558 468 λόγου
590 381 722 450 τοσαῦτ’
759 387 822 469 ἐφη
855 382 910 450 καὶ
941 382 1109 468 τηλικαῦτ’

106 487 209 572 ἀγαθά
226 491 383 573 ποιήσειν
400 491 459 556 τὸν
478 491 598 575 δῆμον,
621 491 705 555 ὥστε
722 490 848 568 πάντας
865 488 1113 575 ὑπερβαλέσθαι
1144 539 1146 544 -

49 599 175 674 ιῖιετοὺς
206 595 469 682 ἐπαινουμένους
510 593 565 662 ἐπὶ
599 605 644 684 τῷ
682 601 794 681 φιλεῖν
832 594 887 662 καὶ
924 598 1039 676 σώζειν
1075 600 1112 664 τὸ

103 703 289 786 δημοτικόν·
322 699 378 768 καὶ
409 700 501 769 ταῦτ’
531 705 594 788 ἔφη
624 706 777 786 ποιήσειν
807 703 868 770 οὐκ
898 706 946 781 εἰς
974 703 1112 790 μακράν.

102 810 256 886 διαλύσας
269 805 317 875 ’δὲ
339 810 401 893 τὴν
425 808 602 893 ἐκκλησίαν
620 807 675 874 καὶ
698 812 821 895 χρόνον
840 807 920 876 οὐδὲ
938 793 1151 907 άκαριαῖον55

102 916 260 981 διαλιπὼν
283 924 323 1001 τῇ
347 919 486 982 κατόπιν
509 913 616 1003 ἡμέρᾳ
639 916 813 981 συνεκάλει
835 918 897 1001 τὴν
915 918 1043 1001 βουλὴν
1066 919 1113 994 εἰς

100 1023 135 1087 τὸ
166 1020 345 1108 συνέδριον
378 1021 489 1108 ὀρθὴν
520 1021 576 1088 καὶ
607 1025 793 1108 περίφοβον
825 1018 931 1090 οὖσαν
961 1022 1015 1090 ἐπὶ
1044 1035 1113 1120 τοῖς

100 1128 251 1213 ῥηθεῖσιν
284 1126 342 1195 ὑπ’
378 1129 483 1195 αὐτοῦ
516 1132 641 1212 λόγοις·
678 1125 734 1194 καὶ
764 1127 844 1213 πρὶν
877 1127 991 1213 ἑτέρου
1022 1133 1113 1208 τινὸς
1140 1187 1141 1192 ,

99 1235 261 1321 άρξασθαι
288 1239 392 1320 λόγου
427 1235 489 1319 τὴν
521 1234 710 1320 άπόρρητον
742 1234 780 1300 ἐν
807 1243 853 1322 τῷ
884 1236 977 1323 δήμῳ
1007 1242 1113 1321 φυλα-

98 1348 235 1426 χθεῖσαν
254 1341 393 1425 γνώμην
412 1342 460 1418 είς
478 1338 581 1425 μέσον
600 1342 731 1426 ἔφερεν,
756 1338 858 1418 άξιθν
878 1343 956 1418 τοὺς
973 1345 1113 1425 βουλευ-
1127 1364 1153 1404 ιο

98 1448 162 1533 τάς,
185 1448 300 1532 ἐπειδὴ
322 1448 430 1514 πολλὰ
453 1447 471 1513 ὁ
496 1449 599 1531 δῆμος
621 1455 660 1532 τῇ
688 1449 783 1512 πόλει
812 1449 971 1533 χρήσιμος
996 1446 1112 1533 γέγονε

12 1623 13 1628 ,
97 1556 134 1620 τά
156 1551 217 1640 μὲν
241 1556 289 1632 εἰς
302 1556 372 1639 τὴν
395 1554 604 1640 ἐλευθερίαν,
626 1554 666 1618 τά
685 1550 716 1617 δ’
738 1555 785 1630 είς
801 1554 839 1618 τὸ
859 1551 981 1640 ἑτέρων
998 1556 1113 1642 άρχειν

12 1645 13 1674 ³
97 1664 354 1746 συλλαβόμενος,
376 1663 540 1746 πρόνοιαν
559 1660 664 1726 αὐτοῦ
681 1661 897 1744 ποιήσασθαι,
917 1663 979 1746 τήν
996 1686 1030 1728 τε
1049 1664 1112 1749 χώ-

96 1792 157 1852 ραν
184 1768 275 1856 αότῷ
304 1769 497 1853 νείμαντας,
529 1768 590 1852 ὅση
622 1765 756 1856 πολέμῳ
789 1774 992 1854 κρατηθεῖσα
1023 1773 1112 1860 λόγῳ

95 1871 155 1958 μέν
182 1869 226 1959 ην
254 1876 414 1959 όημοσία,
447 1876 534 1963 ἔργφ
563 1869 600 1938 δὲ
626 1884 693 1939 τῶν
722 1872 971 1950 ἀναιδεστάτωνΙ
994 1861 1028 1942 τε
1056 1875 1112 1941 καὶ
1127 1894 1152 1936 ιι

10 2039 12 2052 ,
96 1984 158 2047 σὺν
185 1978 301 2047 οὐδενὶ
329 1979 447 2070 δικαίφ
470 1983 720 2066 κατεσχηκότων
747 1985 946 2067 πατρικίων,
973 1980 1029 2046 καὶ
1056 1992 1113 2066 τῆς

10 2157 12 2172 s
96 2087 158 2154 ὑπὸ
177 2086 332 2165 Γέλωνος
349 2097 411 2153 τοῦ
430 2090 586 2164 Σικελίας
602 2087 771 2172 τυράννου
790 2091 999 2174 πεμφθείσης
1017 2093 1112 2174 σφίσι

97 2195 224 2280 δωρεᾶς
246 2204 384 2279 σιτικῆς,
407 2193 450 2277 ἣν
472 2205 594 2280 προῖκα
613 2192 692 2261 δέον
710 2193 857 2271 ἅπαντας
875 2196 1111 2279 διανείμασθαι

95 2304 171 2379 τοὺς
198 2303 336 2378 πολίτας
364 2301 496 2385 ὠνητὴν
525 2299 714 2386 ἐλάμβανον
747 2301 783 2366 οί
806 2299 958 2384 πένητες,
989 2301 1112 2369 άποδο

96 2413 198 2490 θῆναι
220 2408 279 2484 τάς
301 2407 399 2491 τιμάς
419 2417 490 2484 τοῖς
513 2405 740 2491 ὠνησαμένοις
764 2402 843 2486 ἐξ
822 2432 871 2473 ων
893 2403 961 2493 εἶχε
984 2412 1021 2476 τὸ
1044 2434 1112 2476 κοι-
1126 2429 1153 2470 ω

97 2515 156 2579 νὸν
178 2513 367 2600 χρημάτων.
829 2545 833 2554 .

159 2620 277 2685 LXXI.
325 2619 444 2697 Βάθος
472 2616 533 2705 μέν
567 2615 712 2705 οὖνέτι
740 2617 896 2704 λέγοντος
922 2621 1026 2688 αὐτοῦ
1052 2625 1113 2689 θό-

41 2731 199 2812 ιοῖθρυβος
221 2722 266 2811 ἦν
288 2728 404 2811 πολύς,
426 2725 627 2812 ἀχθομένων
650 2726 806 2793 ἁπάντων
829 2726 884 2793 καὶ
907 2728 968 2813 οὐχ
991 2727 1112 2814 ὑπομε-

96 2837 224 2900 νόντων
242 2836 303 2901 τὸν
322 2837 434 2917 λόγον.
468 2832 582 2917 ἐπειδὴ
601 2831 631 2899 δ’
652 2833 816 2900 ἐπαύσατο
835 2835 854 2900 ὅ
872 2857 907 2900 τε
925 2835 1114 2914 συνύπατος
1148 2862 1151 2868 ·

96 2941 197 3007 αὐτοῦ
234 2940 432 3028 Οὐεργίνιος
462 2941 592 3025 πολλὴν
624 2939 801 3025 ἐποιήσατο
833 2945 1035 3027 κατηγορίαν
1068 2944 1112 3020 ὡς
1126 2959 1152 3001 2⁵

96 3049 211 3113 στάσιν
234 3048 439 3131 εἰσάγοντος,
461 3049 516 3112 καί
541 3057 608 3113 τῶν
631 3049 744 3114 ἄλλων
764 3051 956 3133 βουλευτῶν
980 3050 1016 3115 οί
1034 3069 1112 3135 πρε-

95 3156 253 3238 σβύτατοί
271 3178 306 3220 τε
329 3152 385 3220 καὶ
407 3154 608 3239 τιμιώτατοι,
631 3154 773 3238 μάλιστα
797 3151 827 3220 δ’
843 3153 983 3232 ’Ἀππιος
1001 3158 1112 3223 Κλαύ-

96 3261 176 3338 διος·
207 3259 263 3325 καὶ
293 3259 389 3346 μέχρι
418 3262 590 3345 πολλης
574 3262 662 3347 οόρας
690 3259 894 3347 ἠγριωμένοι
922 3284 957 3326 τε
987 3260 1041 3327 καὶ
1072 3264 1112 3328 τά

163 3416 267 3472 Move
287 3416 416 3480 ἅπαντας
435 3417 457 3472 Ο
477 3417 585 3472 correxi
650 3424 684 3472 14
702 3419 886 3488 πολεμίωνΑ
949 3425 983 3474 18
1001 3419 1110 3520 πάντας

96 3485 155 3541 Οά
137 3507 214 3543 απαν
197 3508 264 3552 ντας
281 3488 425 3559 Kieeeling
