2660 3976
532 253 700 302 ..Η-

116 407 151 491 ἣν
176 408 241 494 ἐγὼ
270 407 376 494 νέμω,
402 407 458 475 καὶ
486 405 597 494 οἷκον,
620 410 661 476 ὃν
684 411 748 495 ἐγὼ
772 411 945 498 κέκτημαι,
972 416 1069 499 τιμάς
1091 439 1126 482 τε

39 509 41 572 ἕ
116 523 319 602 καρποῦσθαι
340 518 399 594 τὰς
421 516 516 602 ἐμάς,
543 515 599 583 καὶ
627 517 727 604 δόξης
749 517 932 586 ἀπολαύειν
955 529 1013 603 τῆς
1035 519 1127 606 ἐμῆς,

114 625 180 700 τοὺς
203 623 327 700 αὐτοὺς
349 620 540 708 ἡγουμένην
562 627 683 709 φίλους
707 647 743 690 τε
767 622 822 689 καὶ
844 629 1025 710 πολεμίους
1047 626 1126 692 οὕσ-

113 750 163 814 περ
194 729 273 814 ἐγώ·
308 728 500 796 ἀποθέσθαι
530 727 559 795 τ’
593 733 657 815 ἤδη
687 733 732 820 τὸ
760 729 902 816 πένθος,
937 731 955 798 ὃ
985 733 1042 797 διὰ
1068 734 1126 810 τὰς

39 879 40 882 ’
114 834 182 920 ἐμὰς
204 835 399 921 ὖπέμθινας,
422 831 448 901 ὧ
471 839 673 923 ταλαίπωρε,
695 839 819 923 φυγάς,
849 835 905 904 καλ
927 839 1124 906 παύσασθαι
1151 864 1164 903 5

39 951 41 1032 γ
113 940 356 1028 τιμωρουμένην
374 966 414 1028 με
437 951 483 1031 τῷ
503 945 644 1029 σχήματι
661 945 776 1033 τούτῳ.
825 943 899 1030 ἐμοὶ
921 948 984 1031 γὰρ
1002 947 1042 1011 τὰ
1061 943 1158 1030 μὲνῡ

113 1048 197 1135 ἀλλα,
220 1045 247 1116 ὦ
271 1059 384 1135 μῆτερ,
411 1048 525 1133 ἀγαθὰ
547 1053 719 1136 κρείττονα
742 1051 888 1118 ἐλπίδων
910 1051 966 1118 καὶ
987 1056 1122 1138 μείζονα

65 1155 199 1240 ωιεεύγῆς
226 1157 315 1242 παρὰ
342 1162 435 1222 θεῶν
462 1180 497 1222 τε
520 1155 575 1222 καὶ
598 1156 791 1244 ἀνθρώπων
814 1157 996 1243 ἀπήντηται
1002 1209 1013 1243 ,
1039 1159 1060 1243 ἡ
1085 1157 1124 1226 δὲ
1190 1206 1193 1210 -

112 1259 176 1346 περὶ
203 1270 267 1328 σοῦ
294 1265 446 1350 φροντίς,
480 1257 502 1350 ᾗ
532 1265 589 1341 τὰς
616 1268 845 1350 γηροβοσκοὺς
875 1266 938 1331 οὐκ
967 1264 1122 1332 ἀπέδωκα

112 1368 245 1454 χάριτας,
268 1368 459 1454 ἐντετηκυῖα
482 1381 552 1449 τοῖς
574 1372 775 1457 σπλάγχνοις
798 1374 918 1456 πικρὸν
942 1371 1046 1437 ἐποίει
1066 1369 1121 1436 καλ
1137 1396 1163 1435 1⁰

112 1473 265 1561 ἀνόνητον
288 1475 444 1542 ἁπάντων
471 1488 539 1542 τῶν
561 1476 701 1560 ἀγαθῶν
723 1480 782 1544 τὸν
806 1481 892 1562 βίον.
938 1480 969 1543 εί
995 1473 1032 1543 σε
1056 1481 1120 1544 σὺν

113 1580 176 1664 ἐμοὶ
201 1583 308 1662 τάξεις
335 1584 477 1668 σεαυτῆν
504 1581 560 1650 καὶ
587 1595 655 1650 τῶν
683 1584 772 1669 ἐμῶν
799 1596 975 1651 κοινωνεῖν
1004 1583 1120 1668 ἐθελῆ-

112 1704 171 1766 σεις
189 1689 355 1776 ἁπάντων,
373 1692 518 1768 οὐθενὸς
537 1693 584 1756 ἔτι
603 1714 660 1776 μοι
679 1692 790 1776 δεῆσει
808 1703 876 1758 τῶν
892 1690 1118 1779 ἀνθρωπίνων

112 1793 247 1878 ἀγαθῶν.

39 1967 41 1996 ἰ
168 1903 380 1970 XXXXVHI.
417 1902 642 1990 Παυσαμένου
666 1901 696 1970 δ’
720 1903 823 1971 αὐτοῦ
846 1906 965 1991 μικρὸν
987 1904 1008 1988 ῆ
1029 1903 1157 1968 Osis-15

110 2013 215 2094 ιουρία
242 2010 422 2097 ἐπισχοῦσα
449 2015 589 2097 χρόνον,
621 2009 682 2087 ἕως
709 2011 728 2077 ὁ
756 2021 823 2076 τῶν
852 2013 1117 2096 περιεστηκότων

112 2116 233 2196 ἔπαινος
264 2117 430 2183 ἐπαύσατο
464 2117 569 2194 πολύς
599 2139 635 2182 τε
660 2114 716 2182 καὶ
745 2114 841 2202 μέχρι
869 2120 997 2182 πολλοῦ
1024 2120 1119 2200 γενό-

112 2245 214 2308 μενος,
240 2222 330 2308 λέγει
352 2225 435 2311 πρὸς
463 2223 579 2289 αὐτόν·
607 2220 694 2289 Ἀλλ’
722 2220 829 2306 ἔγωγέ
853 2238 906 2307 σε,
934 2217 960 2286 ὦ
983 2223 1117 2309 Μάρκιε

40 2315 43 2406 ἶ
112 2326 228 2416 τέκνον,
252 2331 329 2397 οὔτε
350 2331 519 2416 προδότην
539 2330 763 2397 Οὐολούσκων
788 2325 947 2412 γενέσθαι
970 2327 1061 2412 ἀξιῶ,
1086 2331 1122 2395 οἵ

41 2485 42 2528 7
114 2451 144 2499 σε
163 2438 328 2522 φεύγοντα
350 2435 591 2522 ὑποδεξάμενοι
613 2445 682 2513 τοῖς
701 2433 729 2500 τ’
751 2436 865 2512 ἀλλοις
885 2433 1045 2520 ἐτίμησαν
1063 2434 1159 2502 καίεο

41 2531 42 2562 ³
114 2543 164 2626 τῆν
183 2542 310 2611 ἑαυτῶν
327 2543 510 2629 ἡγεμονίαν
528 2543 736 2626 ἐπίστευσαν,
760 2542 836 2608 οὔτε
855 2542 944 2628 παρὰ
962 2544 1021 2620 τὰς
1040 2543 1120 2628 ὁμο-

115 2651 214 2733 λογίας
240 2648 297 2718 καλ
325 2653 403 2729 τοὺς
429 2651 565 2737 ὅρκους,
593 2649 652 2726 οὓς
675 2649 802 2726 ἔδωκας
825 2649 952 2733 αὐτοῖς,
979 2649 1033 2714 ὅτε
1061 2650 1119 2725 τὰς

116 2755 260 2845 δυνάμεις
281 2757 543 2845 παρελάμβανες,
565 2759 648 2823 ἀνευ
673 2764 788 2840 κοινῆς
809 2757 943 2841 γνώμης
968 2756 1038 2842 ίδίμ
1061 2777 1120 2819 κα-

117 2867 314 2934 ταλύσασθαι
332 2866 394 2950 τῆν
414 2867 540 2951 ἔχθραν
559 2865 737 2949 βούλομαι·
762 2859 839 2947 μηδ’
862 2861 1032 2948 ὑπολάβῃς
1057 2861 1119 2944 τῆν

117 2982 244 3039 σεαυτοῦ
268 2969 392 3058 μητέρα
419 2972 581 3056 τοσαύτης
607 2970 861 3054 ἀναπεπλῆσθαι
887 2969 1117 3052 θεοβλαβείας,
1132 2985 1158 3026 25

65 3075 188 3144 εειιδστε
213 3082 273 3147 τὸν
300 3077 471 3164 ἀγαπητὸν
497 3074 553 3144 καλ
582 3080 689 3163 μόνον
715 3077 792 3143 υίὸν
820 3078 867 3154 είς
896 3075 1035 3160 αἰσχρὰς
1063 3072 1119 3139 καὶ

117 3179 260 3264 ἀνοσίους
282 3185 415 3272 πράξεις
437 3189 649 3272 παρακαλεῖν.
695 3183 778 3249 ἀλλά
802 3183 883 3267 μετὰ
901 3191 1015 3266 κοινῆς
1033 3183 1153 3266 γνῶ-2

180 3383 193 3430 1
212 3381 276 3449 post
294 3375 373 3434 οἷκον
392 3377 530 3432 excidisse
549 3380 707 3447 κεκτῆσθαι
724 3392 747 3430 ο.
762 3374 867 3430 Reiske
939 3379 955 3428 3
975 3376 1075 3444 φίλους
1088 3395 1118 3431 τε

120 3447 160 3500 καὶ
177 3457 314 3520 συγγενεῖς
332 3449 381 3504 καὶ
400 3447 423 3504 Ο
441 3448 596 3519 ρεοεῖεεΒ
669 3453 741 3520 θεῷ
760 3446 868 3502 add.B
946 3452 979 3500 10
997 3453 1080 3502 ποιεῖ
1093 3464 1117 3502 ο.

121 3513 238 3575 Gelenius
310 3529 344 3576 23
363 3520 573 3575 καταλύσεσθαι
590 3521 613 3574 Β
686 3525 722 3574 24
739 3518 776 3588 μὴ
796 3517 831 3588 δὴ
850 3516 994 3590 ὑπολάβῃς
1011 3519 1036 3574 Α

900 3613 940 3644 ἀ

899 3607 957 3662 M
1018 3647 1021 3651 .
1114 3620 1132 3661 ,2
