<?xml version="1.0" encoding="UTF-8"?>
<!DOCTYPE html PUBLIC "-//W3C//DTD XHTML 1.0 Transitional//EN"
    "http://www.w3.org/TR/xhtml1/DTD/xhtml1-transitional.dtd">
<html xmlns="http://www.w3.org/1999/xhtml" xml:lang="en" lang="en">
 <head>
  <title>
</title>
<meta http-equiv="Content-Type" content="text/html;charset=utf-8" />
  <meta name='ocr-system' content='tesseract 3.04.00' />
  <meta name='ocr-capabilities' content='ocr_page ocr_carea ocr_par ocr_line ocrx_word'/>
</head>
<body>
  <div class='ocr_page' id='page_1' title='image "./dionysihalicarn00unkngoog_0193.png"; bbox 0 0 2660 3976; ppageno 0'>
   <div class='ocr_carea' id='block_1_1' title="bbox 531 239 1121 304">
    <p class='ocr_par' dir='ltr' id='par_1_1' title="bbox 531 239 1121 304">
     <span class='ocr_line' id='line_1_1' title="bbox 531 239 1121 304; baseline 0.003 -2"><span class='ocrx_word' id='word_1_1' title='bbox 531 241 699 290; x_wconf 87' lang='grc' dir='ltr'><strong><em>-Η-</em></strong></span> <span class='ocrx_word' id='word_1_2' title='bbox 1060 239 1121 304; x_wconf 85' lang='grc'>181</span> 
     </span>
    </p>
   </div>
   <div class='ocr_carea' id='block_1_2' title="bbox 35 396 1167 3251">
    <p class='ocr_par' dir='ltr' id='par_1_2' title="bbox 35 396 1167 3251">
     <span class='ocr_line' id='line_1_2' title="bbox 116 396 1125 487; baseline 0.002 -22"><span class='ocrx_word' id='word_1_3' title='bbox 116 397 202 466; x_wconf 58' lang='grc' dir='ltr'><strong><em>οὐδὲ</em></strong></span> <span class='ocrx_word' id='word_1_4' title='bbox 221 401 353 478; x_wconf 76' lang='grc' dir='ltr'><strong><em>τούτοις</em></strong></span> <span class='ocrx_word' id='word_1_5' title='bbox 384 401 508 467; x_wconf 75' lang='grc' dir='ltr'><strong><em>ἔδωκεν</em></strong></span> <span class='ocrx_word' id='word_1_6' title='bbox 535 401 554 467; x_wconf 86' lang='grc' dir='ltr'><strong>ὁ</strong></span> <span class='ocrx_word' id='word_1_7' title='bbox 580 401 736 486; x_wconf 86' lang='grc' dir='ltr'><strong><em>Μάρκιος</em></strong></span> <span class='ocrx_word' id='word_1_8' title='bbox 763 399 939 486; x_wconf 87' lang='grc' dir='ltr'><strong><em>ἀπόκρισιν</em></strong></span> <span class='ocrx_word' id='word_1_9' title='bbox 965 397 1049 487; x_wconf 73' lang='grc' dir='ltr'><strong><em>ὑπὲρ</em></strong></span> <span class='ocrx_word' id='word_1_10' title='bbox 1077 396 1125 468; x_wconf 84' lang='grc' dir='ltr'><strong><em>ὧν</em></strong></span> 
     </span>
     <span class='ocr_line' id='line_1_3' title="bbox 114 503 1125 592; baseline 0.003 -20"><span class='ocrx_word' id='word_1_11' title='bbox 114 505 243 590; x_wconf 81' lang='grc' dir='ltr'><strong><em>ήξίουν,</em></strong></span> <span class='ocrx_word' id='word_1_12' title='bbox 274 503 347 574; x_wconf 85' lang='grc' dir='ltr'><strong><em>ἀλλ’</em></strong></span> <span class='ocrx_word' id='word_1_13' title='bbox 383 506 404 591; x_wconf 84' lang='grc' dir='ltr'><strong><em>ή</em></strong></span> <span class='ocrx_word' id='word_1_14' title='bbox 435 508 476 572; x_wconf 82' lang='grc' dir='ltr'><strong><em>τά</em></strong></span> <span class='ocrx_word' id='word_1_15' title='bbox 509 509 710 591; x_wconf 78' lang='grc' dir='ltr'><strong><em>κελευόμενα</em></strong></span> <span class='ocrx_word' id='word_1_16' title='bbox 741 517 850 573; x_wconf 79' lang='grc' dir='ltr'><strong><em>ποιεῖν</em></strong></span> <span class='ocrx_word' id='word_1_17' title='bbox 883 509 1125 592; x_wconf 84' lang='grc' dir='ltr'><strong><em>συνεβούλευεν</em></strong></span> 
     </span>
     <span class='ocr_line' id='line_1_4' title="bbox 118 612 1127 700; baseline 0.002 -22"><span class='ocrx_word' id='word_1_18' title='bbox 118 612 285 696; x_wconf 86' lang='grc' dir='ltr'><strong><em>ἀπιόντας,</em></strong></span> <span class='ocrx_word' id='word_1_19' title='bbox 308 615 339 678; x_wconf 91' lang='grc' dir='ltr'><strong><em>εί</em></strong></span> <span class='ocrx_word' id='word_1_20' title='bbox 360 612 523 680; x_wconf 88' lang='grc' dir='ltr'><strong><em>θέλουσιν</em></strong></span> <span class='ocrx_word' id='word_1_21' title='bbox 545 615 684 700; x_wconf 85' lang='grc' dir='ltr'><strong><em>είρήνην</em></strong></span> <span class='ocrx_word' id='word_1_22' title='bbox 706 613 817 697; x_wconf 83' lang='grc' dir='ltr'><strong><em>ἀγειν,</em></strong></span> <span class='ocrx_word' id='word_1_23' title='bbox 839 613 860 697; x_wconf 84' lang='grc' dir='ltr'><strong><em>ή</em></strong></span> <span class='ocrx_word' id='word_1_24' title='bbox 882 612 1127 700; x_wconf 74' lang='grc' dir='ltr'><strong><em>προσδέχεσθαι</em></strong></span> 
     </span>
     <span class='ocr_line' id='line_1_5' title="bbox 114 718 1126 810; baseline 0.002 -26"><span class='ocrx_word' id='word_1_25' title='bbox 114 722 169 785; x_wconf 85' lang='grc' dir='ltr'><strong><em>τὸν</em></strong></span> <span class='ocrx_word' id='word_1_26' title='bbox 194 724 342 804; x_wconf 86' lang='grc' dir='ltr'><strong><em>πόλεμον</em></strong></span> <span class='ocrx_word' id='word_1_27' title='bbox 369 718 491 804; x_wconf 78' lang='grc' dir='ltr'><strong><em>ἥξοντα</em></strong></span> <span class='ocrx_word' id='word_1_28' title='bbox 517 721 601 805; x_wconf 87' lang='grc' dir='ltr'><strong><em>πρὸς</em></strong></span> <span class='ocrx_word' id='word_1_29' title='bbox 628 720 689 802; x_wconf 87' lang='grc' dir='ltr'><strong><em>τήν</em></strong></span> <span class='ocrx_word' id='word_1_30' title='bbox 716 723 832 804; x_wconf 88' lang='grc' dir='ltr'><strong><em>πόλιν,</em></strong></span> <span class='ocrx_word' id='word_1_31' title='bbox 859 718 915 786; x_wconf 82' lang='grc' dir='ltr'><strong><em>καὶ</em></strong></span> <span class='ocrx_word' id='word_1_32' title='bbox 941 723 979 786; x_wconf 86' lang='grc' dir='ltr'><strong><em>τὸ</em></strong></span> <span class='ocrx_word' id='word_1_33' title='bbox 1007 723 1126 810; x_wconf 70' lang='grc' dir='ltr'><strong><em>λοιπόν</em></strong></span> 
     </span>
     <span class='ocr_line' id='line_1_6' title="bbox 116 807 1167 926; baseline 0.002 -35"><span class='ocrx_word' id='word_1_34' title='bbox 116 825 225 892; x_wconf 81' lang='grc' dir='ltr'><strong><em>ἀπεῖπε</em></strong></span> <span class='ocrx_word' id='word_1_35' title='bbox 254 827 299 910; x_wconf 84' lang='grc' dir='ltr'><strong><em>μή</em></strong></span> <span class='ocrx_word' id='word_1_36' title='bbox 330 826 556 910; x_wconf 75' lang='grc' dir='ltr'><strong><em>διαλέγεσθαι,</em></strong></span> <span class='ocrx_word' id='word_1_37' title='bbox 571 827 654 913; x_wconf 84' lang='grc' dir='ltr'><strong><em>πρὸς</em></strong></span> <span class='ocrx_word' id='word_1_38' title='bbox 682 826 795 892; x_wconf 86' lang='grc' dir='ltr'><strong><em>αὐτόν.</em></strong></span> <span class='ocrx_word' id='word_1_39' title='bbox 840 827 886 904; x_wconf 82' lang='grc' dir='ltr'><strong><em>ῦς</em></strong></span> <span class='ocrx_word' id='word_1_40' title='bbox 912 823 950 892; x_wconf 69' lang='grc' dir='ltr'><strong><em>ἀὲ</em></strong></span> <span class='ocrx_word' id='word_1_41' title='bbox 972 826 1028 893; x_wconf 78' lang='grc' dir='ltr'><strong><em>καί</em></strong></span> <span class='ocrx_word' id='word_1_42' title='bbox 1050 807 1167 926; x_wconf 58' lang='grc' dir='ltr'><strong><em>ταῦ-ξ</em></strong></span> 
     </span>
     <span class='ocr_line' id='line_1_7' title="bbox 116 929 1128 1020; baseline 0.003 -24"><span class='ocrx_word' id='word_1_43' title='bbox 116 957 168 1016; x_wconf 84' lang='grc' dir='ltr'><strong><em>της</em></strong></span> <span class='ocrx_word' id='word_1_44' title='bbox 194 933 360 1019; x_wconf 79' lang='grc' dir='ltr'><strong><em>ἀπέτυχον</em></strong></span> <span class='ocrx_word' id='word_1_45' title='bbox 387 942 445 1016; x_wconf 78' lang='grc' dir='ltr'><strong><em>τῆς</em></strong></span> <span class='ocrx_word' id='word_1_46' title='bbox 471 935 587 1020; x_wconf 88' lang='grc' dir='ltr'><strong><em>πείρας</em></strong></span> <span class='ocrx_word' id='word_1_47' title='bbox 615 931 650 998; x_wconf 88' lang='grc' dir='ltr'><strong><em>οί</em></strong></span> <span class='ocrx_word' id='word_1_48' title='bbox 672 929 841 1018; x_wconf 77' lang='grc' dir='ltr'><strong><em>Ῥωμαῖοι,</em></strong></span> <span class='ocrx_word' id='word_1_49' title='bbox 871 943 982 1001; x_wconf 82' lang='grc' dir='ltr'><strong><em>πᾶσαν</em></strong></span> <span class='ocrx_word' id='word_1_50' title='bbox 1010 933 1128 1000; x_wconf 75' lang='grc' dir='ltr'><strong><em>ἐλπίδα</em></strong></span> 
     </span>
     <span class='ocr_line' id='line_1_8' title="bbox 116 1038 1128 1130; baseline 0.003 -27"><span class='ocrx_word' id='word_1_51' title='bbox 116 1039 290 1130; x_wconf 69' lang='grc' dir='ltr'><strong><em>διαλλαγῆς</em></strong></span> <span class='ocrx_word' id='word_1_52' title='bbox 313 1038 516 1123; x_wconf 76' lang='grc' dir='ltr'><strong><em>ἀπογνόντες</em></strong></span> <span class='ocrx_word' id='word_1_53' title='bbox 538 1040 583 1117; x_wconf 84' lang='grc' dir='ltr'><strong><em>ὡς</em></strong></span> <span class='ocrx_word' id='word_1_54' title='bbox 605 1043 903 1125; x_wconf 80' lang='grc' dir='ltr'><strong><em>πολιορκησόμενοι</em></strong></span> <span class='ocrx_word' id='word_1_55' title='bbox 925 1043 1128 1129; x_wconf 81' lang='grc' dir='ltr'><strong><em>παρεσκευά-</em></strong></span> 
     </span>
     <span class='ocr_line' id='line_1_9' title="bbox 117 1141 1128 1237; baseline 0.002 -25"><span class='ocrx_word' id='word_1_56' title='bbox 117 1147 205 1223; x_wconf 81' lang='grc' dir='ltr'><strong><em>ζοντο</em></strong></span> <span class='ocrx_word' id='word_1_57' title='bbox 227 1149 307 1223; x_wconf 90' lang='grc' dir='ltr'><strong><em>τοῦς</em></strong></span> <span class='ocrx_word' id='word_1_58' title='bbox 329 1141 392 1230; x_wconf 75' lang='grc' dir='ltr'><strong><em>μὲν</em></strong></span> <span class='ocrx_word' id='word_1_59' title='bbox 414 1145 653 1232; x_wconf 79' lang='grc' dir='ltr'><strong><em>ἀκμαιοτάτους</em></strong></span> <span class='ocrx_word' id='word_1_60' title='bbox 675 1146 741 1213; x_wconf 81' lang='grc' dir='ltr'><strong><em>ὑπὸ</em></strong></span> <span class='ocrx_word' id='word_1_61' title='bbox 764 1155 804 1232; x_wconf 73' lang='grc' dir='ltr'><strong><em>τῇ</em></strong></span> <span class='ocrx_word' id='word_1_62' title='bbox 826 1148 942 1237; x_wconf 76' lang='grc' dir='ltr'><strong><em>τάφρςο</em></strong></span> <span class='ocrx_word' id='word_1_63' title='bbox 961 1146 1017 1214; x_wconf 84' lang='grc' dir='ltr'><strong><em>καὶ</em></strong></span> <span class='ocrx_word' id='word_1_64' title='bbox 1039 1150 1128 1235; x_wconf 78' lang='grc' dir='ltr'><strong><em>παρὰ</em></strong></span> 
     </span>
     <span class='ocr_line' id='line_1_10' title="bbox 116 1251 1128 1341; baseline 0.004 -25"><span class='ocrx_word' id='word_1_65' title='bbox 116 1263 182 1329; x_wconf 77' lang='grc' dir='ltr'><strong><em>ταῖς</em></strong></span> <span class='ocrx_word' id='word_1_66' title='bbox 206 1253 328 1330; x_wconf 80' lang='grc' dir='ltr'><strong><em>πύλαις</em></strong></span> <span class='ocrx_word' id='word_1_67' title='bbox 354 1251 526 1338; x_wconf 75' lang='grc' dir='ltr'><strong><em>τάξαντες,</em></strong></span> <span class='ocrx_word' id='word_1_68' title='bbox 552 1255 632 1330; x_wconf 85' lang='grc' dir='ltr'><strong><em>τοῦς</em></strong></span> <span class='ocrx_word' id='word_1_69' title='bbox 659 1251 689 1318; x_wconf 80' lang='grc' dir='ltr'><strong><em>δ’</em></strong></span> <span class='ocrx_word' id='word_1_70' title='bbox 716 1251 916 1338; x_wconf 76' lang='grc' dir='ltr'><strong><em>ἀφειμένους</em></strong></span> <span class='ocrx_word' id='word_1_71' title='bbox 942 1256 1006 1338; x_wconf 83' lang='grc' dir='ltr'><strong><em>ήάη</em></strong></span> <span class='ocrx_word' id='word_1_72' title='bbox 1031 1272 1128 1341; x_wconf 88' lang='grc' dir='ltr'><strong><em>στρα-</em></strong></span> 
     </span>
     <span class='ocr_line' id='line_1_11' title="bbox 63 1351 1167 1444; baseline 0 -22"><span class='ocrx_word' id='word_1_73' title='bbox 63 1361 209 1441; x_wconf 77' lang='grc' dir='ltr'><strong><em>1194τείας,</em></strong></span> <span class='ocrx_word' id='word_1_74' title='bbox 228 1351 279 1436; x_wconf 84' lang='grc' dir='ltr'><strong><em>οςῖ</em></strong></span> <span class='ocrx_word' id='word_1_75' title='bbox 298 1360 346 1424; x_wconf 79' lang='grc' dir='ltr'><strong><em>ἔτι</em></strong></span> <span class='ocrx_word' id='word_1_76' title='bbox 365 1360 558 1444; x_wconf 75' lang='grc' dir='ltr'><strong><em>τὰσώματα</em></strong></span> <span class='ocrx_word' id='word_1_77' title='bbox 578 1354 736 1443; x_wconf 83' lang='grc' dir='ltr'><strong><em>ίκανάήν</em></strong></span> <span class='ocrx_word' id='word_1_78' title='bbox 753 1366 969 1444; x_wconf 75' lang='grc' dir='ltr'><strong><em>κακοπαθεῖν,</em></strong></span> <span class='ocrx_word' id='word_1_79' title='bbox 988 1358 1042 1426; x_wconf 76' lang='grc' dir='ltr'><strong><em>ἐπὶ</em></strong></span> <span class='ocrx_word' id='word_1_80' title='bbox 1059 1372 1128 1436; x_wconf 85' lang='grc' dir='ltr'><strong><em>τοῖς</em></strong></span> <span class='ocrx_word' id='word_1_81' title='bbox 1143 1384 1167 1422; x_wconf 89' lang='lat'><strong><em>10</em></strong></span> 
     </span>
     <span class='ocr_line' id='line_1_12' title="bbox 35 1467 260 1551; baseline 0.009 -22"><span class='ocrx_word' id='word_1_82' title='bbox 35 1509 36 1522; x_wconf 61' lang='lat'>2</span> <span class='ocrx_word' id='word_1_83' title='bbox 115 1467 260 1551; x_wconf 82' lang='grc' dir='ltr'><strong><em>τείχεσιν.</em></strong></span> 
     </span>
     <span class='ocr_line' id='line_1_13' title="bbox 35 1549 1129 1658; baseline 0.002 -22"><span class='ocrx_word' id='word_1_84' title='bbox 35 1549 36 1564; x_wconf 30' lang='lat'>¹</span> <span class='ocrx_word' id='word_1_85' title='bbox 180 1571 378 1638; x_wconf 86' lang='lat' dir='ltr'>XXXVIIII.</span> <span class='ocrx_word' id='word_1_86' title='bbox 410 1573 460 1638; x_wconf 74' lang='lat' dir='ltr'><strong><em>Ac</em></strong></span> <span class='ocrx_word' id='word_1_87' title='bbox 480 1568 517 1638; x_wconf 75' lang='grc' dir='ltr'><strong><em>ἀὲ</em></strong></span> <span class='ocrx_word' id='word_1_88' title='bbox 535 1583 690 1656; x_wconf 77' lang='grc' dir='ltr'><strong><em>γυναῖκες</em></strong></span> <span class='ocrx_word' id='word_1_89' title='bbox 709 1572 831 1657; x_wconf 80' lang='grc' dir='ltr'><strong><em>αὐτῶν,</em></strong></span> <span class='ocrx_word' id='word_1_90' title='bbox 853 1573 898 1651; x_wconf 81' lang='grc' dir='ltr'><strong><em>ὡς</em></strong></span> <span class='ocrx_word' id='word_1_91' title='bbox 916 1571 1015 1658; x_wconf 78' lang='grc' dir='ltr'><strong><em>ἐγγὺς</em></strong></span> <span class='ocrx_word' id='word_1_92' title='bbox 1033 1574 1129 1649; x_wconf 79' lang='grc' dir='ltr'><strong><em>ὄντος</em></strong></span> 
     </span>
     <span class='ocr_line' id='line_1_14' title="bbox 35 1677 1129 1765; baseline 0.002 -24"><span class='ocrx_word' id='word_1_93' title='bbox 35 1685 37 1752; x_wconf 65' lang='lat' dir='ltr'>I</span> <span class='ocrx_word' id='word_1_94' title='bbox 116 1677 178 1760; x_wconf 75' lang='grc' dir='ltr'><strong><em>ήδη</em></strong></span> <span class='ocrx_word' id='word_1_95' title='bbox 199 1687 258 1744; x_wconf 91' lang='grc' dir='ltr'><strong><em>τοῦ</em></strong></span> <span class='ocrx_word' id='word_1_96' title='bbox 282 1680 408 1762; x_wconf 76' lang='grc' dir='ltr'><strong><em>δεινοῦ,</em></strong></span> <span class='ocrx_word' id='word_1_97' title='bbox 430 1684 670 1746; x_wconf 82' lang='grc' dir='ltr'><strong><em>καταλιποῦσαι</em></strong></span> <span class='ocrx_word' id='word_1_98' title='bbox 698 1687 755 1763; x_wconf 83' lang='grc' dir='ltr'><strong><em>τής</em></strong></span> <span class='ocrx_word' id='word_1_99' title='bbox 778 1685 865 1745; x_wconf 87' lang='grc' dir='ltr'><strong><em>οίκοι</em></strong></span> <span class='ocrx_word' id='word_1_100' title='bbox 887 1689 992 1765; x_wconf 77' lang='grc' dir='ltr'><strong><em>μονῆς</em></strong></span> <span class='ocrx_word' id='word_1_101' title='bbox 1014 1681 1052 1746; x_wconf 83' lang='grc' dir='ltr'><strong><em>τὸ</em></strong></span> <span class='ocrx_word' id='word_1_102' title='bbox 1076 1679 1129 1745; x_wconf 89' lang='grc' dir='ltr'><strong><em>εῦ-</em></strong></span> 
     </span>
     <span class='ocr_line' id='line_1_15' title="bbox 117 1780 1132 1872; baseline 0.002 -25.85"><span class='ocrx_word' id='word_1_103' title='bbox 117 1780 231 1868; x_wconf 74' lang='grc' dir='ltr'><strong><em>πρεπὲς</em></strong></span> <span class='ocrx_word' id='word_1_104' title='bbox 257 1787 357 1851; x_wconf 81' lang='grc' dir='ltr'><strong><em>ἔθεον</em></strong></span> <span class='ocrx_word' id='word_1_105' title='bbox 385 1783 439 1850; x_wconf 81' lang='grc' dir='ltr'><strong><em>ἐπὶ</em></strong></span> <span class='ocrx_word' id='word_1_106' title='bbox 466 1787 506 1850; x_wconf 85' lang='grc' dir='ltr'><strong><em>τὰ</em></strong></span> <span class='ocrx_word' id='word_1_107' title='bbox 535 1784 654 1872; x_wconf 80' lang='grc' dir='ltr'><strong><em>τεμένη</em></strong></span> <span class='ocrx_word' id='word_1_108' title='bbox 677 1795 744 1851; x_wconf 84' lang='grc' dir='ltr'><strong><em>νῦν</em></strong></span> <span class='ocrx_word' id='word_1_109' title='bbox 766 1793 858 1852; x_wconf 81' lang='grc' dir='ltr'><strong><em>θεῶν</em></strong></span> <span class='ocrx_word' id='word_1_110' title='bbox 882 1786 1132 1872; x_wconf 77' lang='grc' dir='ltr'><strong><em>ὀλοφυρόμεναί</em></strong></span> 
     </span>
     <span class='ocr_line' id='line_1_16' title="bbox 35 1887 1167 1976; baseline 0.002 -24"><span class='ocrx_word' id='word_1_111' title='bbox 35 1945 37 1968; x_wconf 39' lang='lat'>2</span> <span class='ocrx_word' id='word_1_112' title='bbox 118 1909 150 1952; x_wconf 90' lang='grc' dir='ltr'><strong><em>τε</em></strong></span> <span class='ocrx_word' id='word_1_113' title='bbox 172 1887 224 1954; x_wconf 82' lang='grc' dir='ltr'><strong><em>καὶ</em></strong></span> <span class='ocrx_word' id='word_1_114' title='bbox 245 1893 505 1976; x_wconf 80' lang='grc' dir='ltr'><strong><em>προκυλιόμεναι</em></strong></span> <span class='ocrx_word' id='word_1_115' title='bbox 533 1904 600 1959; x_wconf 81' lang='grc' dir='ltr'><strong><em>τῶν</em></strong></span> <span class='ocrx_word' id='word_1_116' title='bbox 628 1892 771 1970; x_wconf 84' lang='grc' dir='ltr'><strong><em>ξοάνων·</em></strong></span> <span class='ocrx_word' id='word_1_117' title='bbox 800 1890 855 1957; x_wconf 83' lang='grc' dir='ltr'><strong><em>καὶ</em></strong></span> <span class='ocrx_word' id='word_1_118' title='bbox 883 1887 926 1976; x_wconf 80' lang='grc' dir='ltr'><strong><em>ήν</em></strong></span> <span class='ocrx_word' id='word_1_119' title='bbox 953 1893 1039 1968; x_wconf 87' lang='grc' dir='ltr'><strong><em>ἀπας</em></strong></span> <span class='ocrx_word' id='word_1_120' title='bbox 1066 1887 1128 1976; x_wconf 75' lang='grc' dir='ltr'><strong><em>μὲν</em></strong></span> <span class='ocrx_word' id='word_1_121' title='bbox 1142 1912 1167 1954; x_wconf 84' lang='lat'><strong><em>15</em></strong></span> 
     </span>
     <span class='ocr_line' id='line_1_17' title="bbox 35 1993 1130 2083; baseline 0.003 -24"><span class='ocrx_word' id='word_1_122' title='bbox 35 1993 37 2080; x_wconf 71' lang='grc' dir='ltr'><strong>ξ</strong></span> <span class='ocrx_word' id='word_1_123' title='bbox 120 1994 202 2080; x_wconf 83' lang='grc' dir='ltr'><strong><em>ίερῦς</em></strong></span> <span class='ocrx_word' id='word_1_124' title='bbox 226 2000 328 2074; x_wconf 83' lang='grc' dir='ltr'><strong><em>τόπος</em></strong></span> <span class='ocrx_word' id='word_1_125' title='bbox 354 2000 500 2083; x_wconf 77' lang='grc' dir='ltr'><strong><em>οἰμωγῆς</em></strong></span> <span class='ocrx_word' id='word_1_126' title='bbox 526 2022 562 2064; x_wconf 92' lang='grc' dir='ltr'><strong><em>τε</em></strong></span> <span class='ocrx_word' id='word_1_127' title='bbox 593 1997 648 2064; x_wconf 82' lang='grc' dir='ltr'><strong><em>καὶ</em></strong></span> <span class='ocrx_word' id='word_1_128' title='bbox 677 1999 816 2074; x_wconf 72' lang='grc' dir='ltr'><strong><em>ἱκετείας</em></strong></span> <span class='ocrx_word' id='word_1_129' title='bbox 847 2008 1017 2082; x_wconf 82' lang='grc' dir='ltr'><strong><em>γυναικῶν</em></strong></span> <span class='ocrx_word' id='word_1_130' title='bbox 1049 1996 1130 2062; x_wconf 88' lang='grc' dir='ltr'><strong><em>ἀνά-</em></strong></span> 
     </span>
     <span class='ocr_line' id='line_1_18' title="bbox 35 2100 1128 2192; baseline 0.002 -28"><span class='ocrx_word' id='word_1_131' title='bbox 35 2133 37 2192; x_wconf 70' lang='lat' dir='ltr'><em>g</em></span> <span class='ocrx_word' id='word_1_132' title='bbox 119 2105 234 2186; x_wconf 85' lang='grc' dir='ltr'><strong><em>πλεας,</em></strong></span> <span class='ocrx_word' id='word_1_133' title='bbox 265 2103 406 2188; x_wconf 81' lang='grc' dir='ltr'><strong><em>μάλιστα</em></strong></span> <span class='ocrx_word' id='word_1_134' title='bbox 434 2100 471 2170; x_wconf 71' lang='grc' dir='ltr'><strong><em>ἀὲ</em></strong></span> <span class='ocrx_word' id='word_1_135' title='bbox 503 2105 541 2169; x_wconf 86' lang='grc' dir='ltr'><strong><em>τὸ</em></strong></span> <span class='ocrx_word' id='word_1_136' title='bbox 572 2113 633 2171; x_wconf 91' lang='grc' dir='ltr'><strong><em>τοῦ</em></strong></span> <span class='ocrx_word' id='word_1_137' title='bbox 666 2107 882 2170; x_wconf 81' lang='grc' dir='ltr'><strong><em>Καπετωλίου</em></strong></span> <span class='ocrx_word' id='word_1_138' title='bbox 911 2104 995 2179; x_wconf 91' lang='grc' dir='ltr'><strong><em>Διὸς</em></strong></span> <span class='ocrx_word' id='word_1_139' title='bbox 1027 2103 1128 2189; x_wconf 88' lang='grc' dir='ltr'><strong><em>ίερόυ.</em></strong></span> 
     </span>
     <span class='ocr_line' id='line_1_19' title="bbox 35 2207 1162 2294; baseline 0.001 -23"><span class='ocrx_word' id='word_1_140' title='bbox 35 2225 37 2280; x_wconf 68' lang='grc'>1</span> <span class='ocrx_word' id='word_1_141' title='bbox 121 2207 199 2272; x_wconf 81' lang='grc' dir='ltr'><strong><em>ἔνθα</em></strong></span> <span class='ocrx_word' id='word_1_142' title='bbox 225 2209 266 2293; x_wconf 75' lang='grc' dir='ltr'><strong><em>δή</em></strong></span> <span class='ocrx_word' id='word_1_143' title='bbox 294 2233 344 2287; x_wconf 91' lang='grc' dir='ltr'><strong><em>τις</em></strong></span> <span class='ocrx_word' id='word_1_144' title='bbox 371 2210 480 2276; x_wconf 77' lang='grc' dir='ltr'><strong><em>αὐτῶν</em></strong></span> <span class='ocrx_word' id='word_1_145' title='bbox 503 2207 594 2294; x_wconf 80' lang='grc' dir='ltr'><strong><em>γένει</em></strong></span> <span class='ocrx_word' id='word_1_146' title='bbox 616 2234 651 2276; x_wconf 90' lang='grc' dir='ltr'><strong><em>τε</em></strong></span> <span class='ocrx_word' id='word_1_147' title='bbox 674 2208 729 2276; x_wconf 82' lang='grc' dir='ltr'><strong><em>καὶ</em></strong></span> <span class='ocrx_word' id='word_1_148' title='bbox 752 2208 911 2293; x_wconf 81' lang='grc' dir='ltr'><strong><em>ἀξιώματι</em></strong></span> <span class='ocrx_word' id='word_1_149' title='bbox 932 2209 1162 2294; x_wconf 78' lang='grc' dir='ltr'><strong><em>προῦχουσα2</em></strong></span> 
     </span>
     <span class='ocr_line' id='line_1_20' title="bbox 120 2310 1127 2406; baseline 0.004 -29.689"><span class='ocrx_word' id='word_1_150' title='bbox 120 2311 171 2378; x_wconf 81' lang='grc' dir='ltr'><strong><em>καλ</em></strong></span> <span class='ocrx_word' id='word_1_151' title='bbox 196 2315 323 2397; x_wconf 77' lang='grc' dir='ltr'><strong><em>ἡλικίας</em></strong></span> <span class='ocrx_word' id='word_1_152' title='bbox 350 2314 386 2381; x_wconf 77' lang='grc' dir='ltr'><strong><em>ἐν</em></strong></span> <span class='ocrx_word' id='word_1_153' title='bbox 414 2324 459 2405; x_wconf 77' lang='grc' dir='ltr'><strong><em>τῷ</em></strong></span> <span class='ocrx_word' id='word_1_154' title='bbox 486 2319 649 2406; x_wconf 75' lang='grc' dir='ltr'><strong><em>κρατίστῳ</em></strong></span> <span class='ocrx_word' id='word_1_155' title='bbox 676 2312 746 2382; x_wconf 88' lang='grc' dir='ltr'><strong><em>τότ’</em></strong></span> <span class='ocrx_word' id='word_1_156' title='bbox 775 2310 859 2381; x_wconf 86' lang='grc' dir='ltr'><strong><em>οὖσα</em></strong></span> <span class='ocrx_word' id='word_1_157' title='bbox 881 2312 937 2380; x_wconf 77' lang='grc' dir='ltr'><strong><em>καὶ</em></strong></span> <span class='ocrx_word' id='word_1_158' title='bbox 959 2324 1127 2399; x_wconf 77' lang='grc' dir='ltr'><strong><em>φρονῆσαι</em></strong></span> 
     </span>
     <span class='ocr_line' id='line_1_21' title="bbox 35 2415 1167 2522; baseline 0.004 -41"><span class='ocrx_word' id='word_1_159' title='bbox 35 2459 37 2522; x_wconf 69' lang='grc'><strong><em>,</em></strong></span> <span class='ocrx_word' id='word_1_160' title='bbox 121 2419 158 2482; x_wconf 89' lang='grc' dir='ltr'><strong><em>τά</em></strong></span> <span class='ocrx_word' id='word_1_161' title='bbox 175 2420 289 2488; x_wconf 76' lang='grc' dir='ltr'><strong><em>θέοντα</em></strong></span> <span class='ocrx_word' id='word_1_162' title='bbox 309 2423 503 2508; x_wconf 84' lang='grc' dir='ltr'><strong><em>ίκανωτάτη,</em></strong></span> <span class='ocrx_word' id='word_1_163' title='bbox 528 2422 694 2510; x_wconf 85' lang='grc' dir='ltr'><strong><em>Οὐαλερία</em></strong></span> <span class='ocrx_word' id='word_1_164' title='bbox 712 2415 773 2507; x_wconf 75' lang='grc' dir='ltr'><strong><em>μὲν</em></strong></span> <span class='ocrx_word' id='word_1_165' title='bbox 792 2423 910 2506; x_wconf 84' lang='grc' dir='ltr'><strong><em>όνομα,</em></strong></span> <span class='ocrx_word' id='word_1_166' title='bbox 932 2425 1127 2488; x_wconf 85' lang='grc' dir='ltr'><strong><em>Ποπλικόλα</em></strong></span> <span class='ocrx_word' id='word_1_167' title='bbox 1141 2445 1167 2486; x_wconf 80' lang='grc' dir='ltr'><strong><em>ιο</em></strong></span> 
     </span>
     <span class='ocr_line' id='line_1_22' title="bbox 35 2521 1127 2614; baseline 0 -20"><span class='ocrx_word' id='word_1_168' title='bbox 35 2523 37 2594; x_wconf 76' lang='lat' dir='ltr'>I</span> <span class='ocrx_word' id='word_1_169' title='bbox 124 2521 157 2589; x_wconf 66' lang='lat' dir='ltr'><strong><em>II</em></strong></span> <span class='ocrx_word' id='word_1_170' title='bbox 173 2537 231 2594; x_wconf 89' lang='grc' dir='ltr'><strong><em>τοῦ</em></strong></span> <span class='ocrx_word' id='word_1_171' title='bbox 249 2531 602 2614; x_wconf 76' lang='grc' dir='ltr'><strong><em>συνελευθερώσαντος</em></strong></span> <span class='ocrx_word' id='word_1_172' title='bbox 616 2529 680 2595; x_wconf 89' lang='grc' dir='ltr'><strong><em>ἀπὸ</em></strong></span> <span class='ocrx_word' id='word_1_173' title='bbox 693 2539 761 2594; x_wconf 84' lang='grc' dir='ltr'><strong><em>τῶν</em></strong></span> <span class='ocrx_word' id='word_1_174' title='bbox 774 2527 939 2614; x_wconf 81' lang='grc' dir='ltr'><strong><em>βασιλέων</em></strong></span> <span class='ocrx_word' id='word_1_175' title='bbox 953 2530 1014 2612; x_wconf 86' lang='grc' dir='ltr'><strong><em>τήν</em></strong></span> <span class='ocrx_word' id='word_1_176' title='bbox 1028 2532 1127 2594; x_wconf 87' lang='grc' dir='ltr'><strong><em>πόλιν</em></strong></span> 
     </span>
     <span class='ocr_line' id='line_1_23' title="bbox 125 2629 1128 2723; baseline 0.005 -29"><span class='ocrx_word' id='word_1_177' title='bbox 125 2629 258 2720; x_wconf 73' lang='grc' dir='ltr'><strong><em>ἀδελφή,</em></strong></span> <span class='ocrx_word' id='word_1_178' title='bbox 292 2637 375 2722; x_wconf 79' lang='grc' dir='ltr'><strong><em>θείῳ</em></strong></span> <span class='ocrx_word' id='word_1_179' title='bbox 409 2633 477 2700; x_wconf 85' lang='grc' dir='ltr'><strong><em>τινὶ</em></strong></span> <span class='ocrx_word' id='word_1_180' title='bbox 510 2638 738 2723; x_wconf 77' lang='grc' dir='ltr'><strong><em>παραστήματι</em></strong></span> <span class='ocrx_word' id='word_1_181' title='bbox 773 2641 949 2719; x_wconf 77' lang='grc' dir='ltr'><strong><em>κινηθεῖσα</em></strong></span> <span class='ocrx_word' id='word_1_182' title='bbox 985 2633 1038 2700; x_wconf 79' lang='grc' dir='ltr'><strong><em>ἐπὶ</em></strong></span> <span class='ocrx_word' id='word_1_183' title='bbox 1070 2643 1128 2717; x_wconf 85' lang='grc' dir='ltr'><strong><em>τής</em></strong></span> 
     </span>
     <span class='ocr_line' id='line_1_24' title="bbox 124 2734 1127 2829; baseline 0.006 -29"><span class='ocrx_word' id='word_1_184' title='bbox 124 2734 269 2806; x_wconf 80' lang='grc' dir='ltr'><strong><em>ἀνυτάτοι</em></strong></span> <span class='ocrx_word' id='word_1_185' title='bbox 296 2743 456 2827; x_wconf 75' lang='grc' dir='ltr'><strong><em>κρηπῖδος</em></strong></span> <span class='ocrx_word' id='word_1_186' title='bbox 483 2745 559 2826; x_wconf 81' lang='grc' dir='ltr'><strong><em>ἔστη</em></strong></span> <span class='ocrx_word' id='word_1_187' title='bbox 587 2751 647 2808; x_wconf 90' lang='grc' dir='ltr'><strong><em>τοῦ</em></strong></span> <span class='ocrx_word' id='word_1_188' title='bbox 669 2742 735 2807; x_wconf 82' lang='grc' dir='ltr'><strong><em>νεὼ</em></strong></span> <span class='ocrx_word' id='word_1_189' title='bbox 758 2739 814 2808; x_wconf 81' lang='grc' dir='ltr'><strong><em>καί</em></strong></span> <span class='ocrx_word' id='word_1_190' title='bbox 836 2739 1127 2829; x_wconf 84' lang='grc' dir='ltr'><strong><em>προσκαλεσαμένη</em></strong></span> 
     </span>
     <span class='ocr_line' id='line_1_25' title="bbox 125 2843 1128 2936; baseline 0.006 -29"><span class='ocrx_word' id='word_1_191' title='bbox 125 2843 174 2920; x_wconf 89' lang='grc' dir='ltr'><strong><em>τάς</em></strong></span> <span class='ocrx_word' id='word_1_192' title='bbox 203 2847 304 2924; x_wconf 87' lang='grc' dir='ltr'><strong><em>ἀλλας</em></strong></span> <span class='ocrx_word' id='word_1_193' title='bbox 334 2858 495 2932; x_wconf 78' lang='grc' dir='ltr'><strong><em>γυναῖκας</em></strong></span> <span class='ocrx_word' id='word_1_194' title='bbox 525 2859 656 2935; x_wconf 83' lang='grc' dir='ltr'><strong><em>πρῶτον</em></strong></span> <span class='ocrx_word' id='word_1_195' title='bbox 688 2845 749 2932; x_wconf 70' lang='grc' dir='ltr'><strong><em>μέν</em></strong></span> <span class='ocrx_word' id='word_1_196' title='bbox 780 2850 1040 2936; x_wconf 77' lang='grc' dir='ltr'><strong><em>παρεμυθήσατο</em></strong></span> <span class='ocrx_word' id='word_1_197' title='bbox 1072 2850 1128 2915; x_wconf 82' lang='grc' dir='ltr'><strong><em>καί</em></strong></span> 
     </span>
     <span class='ocr_line' id='line_1_26' title="bbox 124 2953 1167 3040; baseline 0.007 -27"><span class='ocrx_word' id='word_1_198' title='bbox 124 2953 436 3040; x_wconf 81' lang='grc' dir='ltr'><strong><em>παρεθάρρυνενξ</em></strong></span> <span class='ocrx_word' id='word_1_199' title='bbox 399 2953 536 3032; x_wconf 83' lang='grc' dir='ltr'><strong><em>ἀξιοῦσα</em></strong></span> <span class='ocrx_word' id='word_1_200' title='bbox 566 2953 610 3037; x_wconf 81' lang='grc' dir='ltr'><strong><em>μὴ</em></strong></span> <span class='ocrx_word' id='word_1_201' title='bbox 639 2960 910 3040; x_wconf 77' lang='grc' dir='ltr'><strong><em>καταπεπλῆχθαι</em></strong></span> <span class='ocrx_word' id='word_1_202' title='bbox 937 2957 974 3020; x_wconf 89' lang='grc' dir='ltr'><strong><em>τὸ</em></strong></span> <span class='ocrx_word' id='word_1_203' title='bbox 998 2954 1126 3020; x_wconf 78' lang='grc' dir='ltr'><strong><em>δεινόν·</em></strong></span> <span class='ocrx_word' id='word_1_204' title='bbox 1141 2979 1167 3020; x_wconf 79' lang='grc' dir='ltr'><strong><em>ιε</em></strong></span> 
     </span>
     <span class='ocr_line' id='line_1_27' title="bbox 35 3055 1128 3147; baseline 0.006 -28"><span class='ocrx_word' id='word_1_205' title='bbox 35 3069 36 3120; x_wconf 74' lang='grc'>1</span> <span class='ocrx_word' id='word_1_206' title='bbox 126 3055 225 3124; x_wconf 79' lang='grc' dir='ltr'><strong><em>ἔπειτα</em></strong></span> <span class='ocrx_word' id='word_1_207' title='bbox 246 3058 405 3145; x_wconf 83' lang='grc' dir='ltr'><strong><em>ὑπέσχετο</em></strong></span> <span class='ocrx_word' id='word_1_208' title='bbox 424 3063 504 3145; x_wconf 90' lang='grc' dir='ltr'><strong><em>μίαν</em></strong></span> <span class='ocrx_word' id='word_1_209' title='bbox 525 3055 611 3125; x_wconf 83' lang='grc' dir='ltr'><strong><em>εἶναι</em></strong></span> <span class='ocrx_word' id='word_1_210' title='bbox 634 3065 760 3147; x_wconf 86' lang='grc' dir='ltr'><strong><em>σατηρί</em></strong></span> <span class='ocrx_word' id='word_1_211' title='bbox 758 3085 796 3138; x_wconf 93' lang='grc' dir='ltr'><strong><em>ας</em></strong></span> <span class='ocrx_word' id='word_1_212' title='bbox 745 3061 937 3126; x_wconf 81' lang='grc' dir='ltr'><strong><em>ίέλπίάα</em></strong></span> <span class='ocrx_word' id='word_1_213' title='bbox 959 3069 999 3146; x_wconf 77' lang='grc' dir='ltr'><strong><em>τῇ</em></strong></span> <span class='ocrx_word' id='word_1_214' title='bbox 1022 3063 1128 3143; x_wconf 84' lang='grc' dir='ltr'><strong><em>πόλει,</em></strong></span> 
     </span>
     <span class='ocr_line' id='line_1_28' title="bbox 36 3147 1128 3251; baseline 0.014 -35.497"><span class='ocrx_word' id='word_1_215' title='bbox 36 3163 236 3248; x_wconf 71' lang='grc' dir='ltr'><strong><em>θυοταότην</em></strong></span> <span class='ocrx_word' id='word_1_216' title='bbox 259 3163 289 3230; x_wconf 76' lang='grc' dir='ltr'><strong><em>δ’</em></strong></span> <span class='ocrx_word' id='word_1_217' title='bbox 314 3163 352 3230; x_wconf 77' lang='grc' dir='ltr'><strong><em>ἐν</em></strong></span> <span class='ocrx_word' id='word_1_218' title='bbox 375 3164 489 3242; x_wconf 80' lang='grc' dir='ltr'><strong><em>αὐταῖς</em></strong></span> <span class='ocrx_word' id='word_1_219' title='bbox 509 3161 594 3232; x_wconf 81' lang='grc' dir='ltr'><strong><em>εἶναι</em></strong></span> <span class='ocrx_word' id='word_1_220' title='bbox 613 3169 731 3250; x_wconf 89' lang='grc' dir='ltr'><strong><em>μόναις</em></strong></span> <span class='ocrx_word' id='word_1_221' title='bbox 753 3166 1046 3251; x_wconf 86' lang='grc' dir='ltr'><strong><em>καταλειπομένην,</em></strong></span> <span class='ocrx_word' id='word_1_222' title='bbox 1069 3147 1128 3231; x_wconf 79' lang='grc' dir='ltr'><strong><em>ἐὰν</em></strong></span> 
     </span>
    </p>
   </div>
   <div class='ocr_carea' id='block_1_3' title="bbox 35 2821 37 3528">
    <p class='ocr_par' dir='ltr' id='par_1_3' title="bbox 35 2821 37 3528">
     <span class='ocr_line' id='line_1_29' title="bbox 35 2821 37 2872; baseline 0 0"><span class='ocrx_word' id='word_1_223' title='bbox 35 2821 37 2872; x_wconf 92' lang='grc' dir='ltr'>Ι</span> 
     </span>
     <span class='ocr_line' id='line_1_30' title="bbox 35 2983 37 3032; baseline 0 0"><span class='ocrx_word' id='word_1_224' title='bbox 35 2983 37 3032; x_wconf 83' lang='grc'>1</span> 
     </span>
     <span class='ocr_line' id='line_1_31' title="bbox 35 3125 37 3174; baseline 0 0"><span class='ocrx_word' id='word_1_225' title='bbox 35 3125 37 3174; x_wconf 93' lang='grc' dir='ltr'>Ι</span> 
     </span>
     <span class='ocr_line' id='line_1_32' title="bbox 35 3235 37 3326; baseline 0 -42"><span class='ocrx_word' id='word_1_226' title='bbox 35 3235 37 3326; x_wconf 81' lang='grc'>1</span> 
     </span>
     <span class='ocr_line' id='line_1_33' title="bbox 35 3459 37 3528; baseline 0 0"><span class='ocrx_word' id='word_1_227' title='bbox 35 3459 37 3528; x_wconf 75' lang='lat' dir='ltr'>I</span> 
     </span>
    </p>
   </div>
   <div class='ocr_carea' id='block_1_4' title="bbox 128 3422 1127 3570">
    <p class='ocr_par' dir='ltr' id='par_1_4' title="bbox 128 3422 1127 3570">
     <span class='ocr_line' id='line_1_34' title="bbox 189 3422 1127 3519; baseline 0.005 -38"><span class='ocrx_word' id='word_1_228' title='bbox 189 3431 286 3497; x_wconf 77' lang='grc' dir='ltr'><strong><em>ῦμη</em></strong></span> <span class='ocrx_word' id='word_1_229' title='bbox 303 3428 397 3483; x_wconf 90' lang='grc' dir='ltr'><strong>...Β</strong></span> <span class='ocrx_word' id='word_1_230' title='bbox 488 3429 706 3519; x_wconf 78' lang='grc' dir='ltr'><strong><em>ῦῦπὸτητάφ</em></strong></span> <span class='ocrx_word' id='word_1_231' title='bbox 708 3422 898 3499; x_wconf 79' lang='grc' dir='ltr'><strong><em>ρΟόπλτ.</em></strong></span> <span class='ocrx_word' id='word_1_232' title='bbox 918 3428 1127 3486; x_wconf 39' lang='lat' dir='ltr'><strong>tmcSintenis</strong></span> 
     </span>
     <span class='ocr_line' id='line_1_35' title="bbox 128 3471 1127 3570; baseline 0.001 -19"><span class='ocrx_word' id='word_1_233' title='bbox 128 3490 179 3549; x_wconf 76' lang='lat' dir='ltr'><strong><em>Em</em></strong></span> <span class='ocrx_word' id='word_1_234' title='bbox 197 3449 741 3570; x_wconf 75' lang='grc' dir='ltr'><strong><em>Βὶοο.11116πρὸττάῆςτφρουΡτοιι</em></strong></span> <span class='ocrx_word' id='word_1_235' title='bbox 816 3507 848 3554; x_wconf 87' lang='grc'>13</span> <span class='ocrx_word' id='word_1_236' title='bbox 867 3471 1003 3555; x_wconf 84' lang='grc' dir='ltr'><strong><em>κάταλείπ</em></strong></span> <span class='ocrx_word' id='word_1_237' title='bbox 1004 3517 1087 3555; x_wconf 87' lang='grc' dir='ltr'><strong><em>ουσαι</em></strong></span> <span class='ocrx_word' id='word_1_238' title='bbox 1104 3499 1127 3552; x_wconf 93' lang='grc' dir='ltr'>Β</span> 
     </span>
    </p>
   </div>
   <div class='ocr_carea' id='block_1_5' title="bbox 0 0 1342 3976">
    <p class='ocr_par' dir='ltr' id='par_1_5' title="bbox 0 0 1342 3976">
     <span class='ocr_line' id='line_1_36' title="bbox 0 0 1342 3976; baseline 0 0"><span class='ocrx_word' id='word_1_239' title='bbox 0 0 1342 3976; x_wconf 95' lang='lat' dir='ltr'><strong><em> </em></strong></span> 
     </span>
    </p>
   </div>
  </div>
 </body>
</html>
