2586 3972
622 246 788 295 ..Η-

197 417 266 482 τοῑς
289 407 521 491 συγχωρήσασι
544 403 599 470 καὶ
622 403 935 492 ἐπιψηφισαμένοις,
962 406 1109 492 ὑπάρξει,
1136 405 1204 472 ἀλλ’

198 508 260 578 ἑνὶ,
281 521 326 600 τῷ
359 511 520 597 προθέντι
552 513 613 596 τήν
648 513 787 596 γνώμην
819 516 956 604 Κασσίφ
992 513 1047 580 καὶ
1078 512 1206 592 δόξαντι

163 616 418 702 3ήυαγκακέναι
441 620 502 703 τήν
524 620 652 703 βουλήν
675 619 824 684 ἀκουσαυ
847 619 1057 706 ἐπικυρῶσαι.
1101 642 1207 705 προει-
1279 651 1280 714 χ

198 725 271 790 πὼν
296 726 337 808 δή
360 735 463 791 ταῦτα
485 723 541 790 καὶ
559 728 772 810 παραπλήσια
789 729 919 805 τούτοις
938 728 1033 814 ἕτερα
1050 733 1207 794 τελευτῶν

170 833 274 896 ιτάδε
298 834 575 916 συνεβούλευσεν·
599 834 725 918 ἀνδρας
748 831 873 899 ἐκτῶν
897 834 1118 920 ἐντιμοτάτων
1137 839 1207 920 βου·

197 942 323 1004 λευτῶν
347 936 482 1004 ἑλέσθαι
505 937 640 1024 (δέκα),
663 941 784 1017 οἵτινες
807 939 1005 1019 ἐπελθόντες
1025 943 1088 1026 τήν
1112 925 1280 1026 &wo-1686*

197 1048 274 1109 σίαν
296 1053 360 1128 γήυ
383 1043 578 1130 ἀφοριοῦσι,
605 1044 661 1111 καὶ
688 1053 723 1112 εί
741 1072 816 1113 τινα
839 1047 872 1126 ἐξ
895 1048 996 1133 αὐτῆς
1019 1047 1208 1126 κλέπτοντες

196 1150 216 1234 ή
246 1153 439 1236 βιαζόμενοί
468 1176 555 1229 τινες
587 1154 716 1218 ίδιῶται
748 1153 990 1239 κατανέμουσιν
1022 1154 1043 1239 ή
1077 1154 1207 1240 έπεργά-

198 1261 307 1337 ζονται
340 1261 534 1341 διαγνόντες
565 1258 779 1326 ἀποδώσουσι
810 1269 856 1349 τῷ
890 1263 1054 1351 δημοσίφ.
1087 1264 1150 1346 τήν
1177 1259 1202 1327 δ’

157 1387 182 1424 10
197 1365 393 1450 ὁρισθεῖσαν
417 1363 472 1430 ὑπ’
499 1365 635 1432 έκείνώυ
659 1377 722 1450 γῆν
746 1369 975 1452 διαιρεθεῖσαν
999 1372 1046 1447 είς
1068 1371 1207 1455 κλήρους

196 1471 296 1549 ὅσους
324 1473 366 1556 δή
394 1496 486 1549 τινας
517 1471 572 1538 καὶ
601 1476 734 1556 στήλαις
765 1475 941 1558 εὐκόσμοις
969 1477 1206 1563 διαγραφεῖσαν
1279 1473 1280 1568 ή

195 1581 256 1662 τήν
280 1575 341 1662 μὲν
364 1577 640 1664 ἀπεμποληθῆναι
667 1578 809 1666 παρήνει
833 1579 887 1646 καὶ
910 1583 1051 1666 μάλιστα
1075 1581 1153 1668 περὶ
1173 1578 1208 1666 ής

195 1685 382 1769 ἀμφίλογόν
405 1709 436 1750 τι
459 1688 542 1771 πρὸς
565 1688 699 1763 ἰδιώτας
717 1682 771 1770 ήν,
795 1688 878 1753 ώστε
896 1700 966 1766 τοίς
985 1688 1207 1774 ὠνησαμένοις
1279 1679 1280 1774 ή

195 1791 284 1876 <μή>
312 1787 398 1856 εἶναι
425 1794 508 1876 πρὸς
533 1796 612 1869 τοὺς
638 1791 955 1878 ἀντιποιησομένους
985 1793 1070 1880 ὑπὲρ
1101 1797 1206 1860 αὐτῶν

155 1918 180 1958 ιι
194 1902 331 1984 κρίσεις,
354 1900 415 1981 τήν
435 1895 472 1964 δέ
490 1909 649 1984 πενταετή
669 1906 816 1984 μισθοῦν
834 1903 971 1986 χρόνον·
996 1903 1033 1966 τὸ
1053 1897 1091 1966 δὲ
1110 1918 1205 1986 προσ·
1279 1931 1280 1936 ’

195 2007 247 2070 ιὸν
280 2003 316 2070 έκ
347 2016 413 2071 τῶν
447 2007 645 2090 μισθώσεων
675 2005 837 2092 ἀργύριον
871 2010 918 2085 είς
951 2011 1030 2086 τοὺς
1066 2009 1206 2086 ὀψώνια·

194 2115 299 2195 σμοὺς
334 2123 401 2178 τῶν
438 2111 726 2198 στρατευομένων
746 2113 954 2181 ἀναλοῦσθαι
987 2113 1043 2181 καὶ
1076 2119 1124 2193 είς
1155 2116 1207 2190 τάς
1279 2103 1280 2172 ό

158 2215 376 2303 4μισθώσεις
398 2214 446 2285 ών
470 2221 506 2285 οί
525 2223 664 2304 πόλεμοι
686 2232 854 2306 χορηγιῶν
878 2220 1024 2288 δέονται·
1050 2227 1132 2288 Νῦν
1150 2217 1206 2306 μέν

194 2325 269 2410 γάρ,
288 2327 422 2411 ἔφησεν,
442 2326 460 2392 ό
478 2330 609 2412 φθόνος
627 2337 694 2392 τῶν
708 2330 860 2412 πενήτων
880 2329 898 2394 ὁ
916 2330 999 2413 πρὸς
1017 2331 1096 2406 τοὺς
1109 2334 1206 2394 πλου-

154 2453 181 2492 νο
195 2435 299 2515 σίους,
322 2431 394 2498 ὅσοι
418 2433 692 2518 σφετερισάμενοι
715 2435 755 2498 τὰ
778 2435 874 2499 κοινά
894 2433 1138 2520 διακατέχουσι,
1161 2435 1206 2500 δί-

193 2541 286 2615 καιός
309 2537 389 2604 έστι·
414 2542 470 2605 καί
493 2537 598 2606 οὐθὲν
621 2544 832 2624 θαυμαστόν,
854 2543 886 2606 εί
906 2543 946 2608 τά
969 2542 1066 2606 κοινὰ
1083 2541 1256 2616 πάνταςιοῦ

144 2670 147 2675 ·
194 2647 429 2730 διανείμασθαι
451 2651 578 2730 μᾶλλον
606 2645 773 2732 ἀξιοῦσιν,
800 2646 821 2731 ή
848 2649 927 2724 τοὺς
954 2647 1206 2722 ἀναιδεστάτους

193 2776 227 2818 τε
255 2751 310 2818 καὶ
338 2751 472 2836 ὀλίγους
498 2751 660 2839 κατέχειν·
690 2753 749 2820 ε’ἀν
777 2751 807 2818 δ’
835 2752 1081 2839 ἀφισταμένους
1108 2754 1205 2836 αῦτής

266 2873 420 2944 Ιῦπάρχει
439 2874 461 2929 Ο
481 2891 549 2930 corr.
570 2875 693 2945 Sylburg
782 2869 906 2930 ῦέπλθ
934 2871 977 2930 ἕνλ
995 2875 1100 2930 Reisko
1189 2878 1203 2926 6
1279 2879 1280 2948 λ

118 2998 122 3008 ,
193 2943 263 3000 δέκα
283 2946 346 3002 add.
367 2945 456 3002 Cobet
467 2945 544 3002 -N0v.
563 2948 640 3001 Lect.
659 2965 687 3016 p.
704 2951 754 3002 795
774 2952 803 3000 et
822 2945 888 3001 Obs.
907 2964 935 3016 p.
952 2953 1003 3002 170
1100 2953 1135 3001 12
1153 2947 1203 3000 άτ-
1279 2951 1280 3010 ᾗ

194 3021 348 3087 εμπολήσαι
366 3034 389 3073 ο.
409 3017 499 3074 cobet
517 3017 582 3072 θῦε.
601 3023 696 3088 p.1'10
767 3017 890 3090 παρῄνει
914 3018 968 3073 del.
986 3017 1062 3073 idem
1081 3019 1099 3074 l.
1115 3017 1134 3074 l.
1153 3037 1203 3070 τα·
1279 3015 1280 3048 ἴ

193 3087 398 3170 ρ<η>ν<ει>Β
508 3095 542 3142 14
561 3089 612 3144 οῦκ
632 3085 706 3144 εἶναι
765 3088 827 3142 iske
851 3088 888 3159 μή
913 3087 987 3144 εἶναι
1004 3089 1112 3158 Kayser
1136 3092 1201 3142 Ann.

191 3159 260 3230 ph11.
278 3165 346 3215 1868
365 3179 394 3231 p.
408 3165 461 3215 810
476 3165 495 3228 ,Ι
524 3159 595 3230 ὑπὲρ
614 3161 700 3229 αὐτῆς
717 3160 822 3214 Reiske
896 3165 929 3215 15
948 3159 1095 3234 κρίσ<εις>
1113 3160 1136 3213 Β
1154 3157 1202 3226 τὴν

192 3230 262 3302 ῦπδρ
286 3232 379 3286 αὐτῶν
402 3234 536 3303 κρίσινΑ
565 3232 669 3302 κρίσεις
690 3231 742 3301 τήν
765 3231 796 3286 δὲ
821 3231 952 3286 Gelenius
986 3237 991 3294 Ι
1024 3231 1142 3303 προσιὸν
1159 3229 1202 3282 Ba

191 3302 292 3371 προιδν
313 3302 388 3356 ABb
450 3309 482 3358 19
501 3300 588 3372 *ἔφη
608 3304 630 3356 0
650 3302 759 3357 correxi
813 3309 847 3358 20
867 3304 916 3378 βίᾳ
934 3301 1082 3374 κατέχουσι
1099 3320 1122 3358 ο.
1142 3300 1202 3356 θέω

191 3372 266 3426 tenis
284 3372 367 3428 Dion.
386 3373 446 3430 Em.
466 3374 507 3428 III
525 3379 560 3428 23
647 3379 681 3428 23
701 3373 799 3444 αὐτῆς]
819 3375 913 3428 αῦτῶυ
931 3391 954 3431 ο.
973 3373 1096 3429 Reudler
1113 3372 1200 3426 Τίτου.

192 3443 253 3498 crit.
269 3462 295 3514 p.
309 3449 351 3511 57,
371 3445 448 3512 quod
461 3446 566 3514 probat
580 3445 703 3498 Schenkl
716 3444 848 3499 Bursiani
862 3445 930 3500 Litt.
950 3463 1015 3500 ann.
1029 3446 1102 3500 brev.
1117 3461 1144 3526 p.
1159 3448 1199 3508 49,

192 3516 252 3584 ipse
272 3517 368 3570 autem
387 3517 452 3585 post
465 3514 593 3585 κατέχειν
609 3516 747 3570 excidisse
765 3515 817 3585 τὴν
836 3519 975 3588 δημοσίαν
993 3524 1046 3588 γῆν
1065 3513 1167 3572 comcit
