2674 3978
575 267 737 316 -Ζ-
1119 266 1163 332 53

145 427 281 514 ἀρχεῖον
304 435 362 511 τής
384 427 432 503 είς
454 429 532 502 τοὺς
555 425 786 514 ἀγορανόμους
806 426 935 514 ὕβρεως
958 426 1081 513 ἕνεκεν,
1104 428 1165 506 οὓς

144 543 183 620 τῇ
206 530 352 620 προτέρᾳ
374 542 440 598 τῶν
459 531 592 620 ήμερῶν
610 534 704 618 ἀγειν
723 534 825 599 αὐτὸν
843 531 1082 612 κελευσθέντας
1099 531 1160 622 ὑφ’

145 640 258 706 αὑτῶν
284 640 417 706 τύπτων
445 638 627 724 ἀπήλασεν·
656 639 784 726 οὐγὰρ
808 637 931 726 ἑτέρων
953 651 1055 706 τινῶν
1078 635 1164 706 εἶναι

143 749 204 814 τὸν
226 749 503 833 προπηλακισμὸν
525 748 584 812 τὸν
608 747 655 823 είς
677 749 755 825 τοὺς
772 743 938 834 ὑπηρέτας
955 757 1052 831 σφῶν
1070 749 1164 829 γενό-

144 877 248 938 μενον
271 853 293 938 ή
315 863 383 919 τῶν
404 853 642 919 κελευσάντων.
688 851 744 918 καὶ
766 850 856 919 ταῦτ’
884 855 987 921 είπὼν
1010 831 1206 945 έπέταξεν4,

144 961 241 1043 ἀγειν
268 959 370 1026 αὐτὸν
398 958 452 1025 ἐπὶ
474 962 533 1026 τὸν
555 959 795 1047 ὑπερκείμενον
817 969 874 1045 τής
897 960 1020 1048 ἀγορᾶς
1043 963 1164 1045 λόφον·

71 1069 217 1134 1389ἔστι
240 1062 339 1131 δὲτὸ
361 1068 485 1152 χωρίον
507 1068 654 1152 κρημνὸς
677 1064 828 1152 ἐξαίσιος,
852 1067 934 1132 ὅθεν
953 1067 1066 1145 αὐτοῖς
1085 1067 1165 1144 ἔθος

142 1168 187 1258 ήν
211 1173 348 1258 βάλλειν
366 1175 445 1250 τοὺς
463 1169 709 1250 ἐπιθανατίους.
746 1173 783 1239 οί
797 1168 859 1258 μὲν
879 1167 941 1238 οὖν
960 1172 1165 1260 ἀγορανόμοι

142 1277 336 1367 προσῄεσαν
359 1278 405 1356 ὡς
427 1277 663 1363 ἐπιληψόμενοι
683 1279 922 1363 τοῦσώματος,
944 1279 980 1345 oc
997 1276 1033 1345 δὲ
1051 1284 1165 1365 πατρί-

142 1409 212 1452 κιοι
242 1383 328 1469 μέγα
360 1383 581 1470 ἐμβοήσαντες
613 1385 772 1472 ὥρμησαν
802 1381 852 1449 ἐπ’
882 1384 1003 1462 αὐτοὺς
1030 1384 1164 1471 ἀθρόοι·
1180 1406 1206 1445 ιο

144 1488 252 1558 ἔπενθ’
277 1491 295 1558 ὁ
320 1492 423 1576 δῆμος
446 1489 500 1557 ἐπὶ
523 1494 601 1568 τοὺς
618 1494 822 1579 πατρικίους·
845 1485 962 1575 καλήν
979 1491 1085 1574 πολλὴ
1104 1487 1165 1576 μὲν

145 1601 255 1686 ἔργων
284 1596 441 1681 ἀκοσμία,
466 1598 572 1681 πολλή
602 1593 640 1662 δὲ
667 1599 778 1681 λόγων
806 1597 904 1683 ὕβρις
926 1593 1002 1684 παρ’
1029 1596 1165 1683 ἀμφοίν,

146 1706 299 1789 ὠθισμοί
326 1726 360 1768 τε
389 1701 445 1770 καὶ
473 1714 594 1792 χειρῶν
622 1703 782 1789 ἐπιβολαί.
826 1706 1020 1789 κατελήφθη
1048 1700 1085 1769 δὲ
1112 1701 1202 1773 καὶὸ

147 1821 339 1898 σωφρονεῖν
363 1811 558 1896 ήναγκάσθη
582 1811 622 1876 τά
645 1821 892 1897 παρακινοῦντα
914 1809 980 1876 ὑπὸ
998 1821 1066 1876 τῶν
1083 1809 1167 1876 ὑπά-

146 1941 216 1985 των
244 1915 457 2004 βιασαμένων
480 1917 527 1995 είς
549 1916 670 2003 μίσους
692 1914 748 1983 καί
770 1928 839 1995 τοίς
863 1917 1064 2004 ῥαβδούχοις
1086 1915 1165 1982 ἀνα-
1182 1936 1207 1978 ιο

147 2023 300 2090 στέλλειν
327 2024 556 2090 κελευσάντων
582 2027 660 2101 τοὺς
687 2025 818 2110 ὄχλους·
848 2024 991 2107 τοσαύτη
1019 2025 1083 2111 ἀρα
1110 2032 1168 2108 τής

148 2130 251 2218 ἀρχῆς
271 2132 377 2208 αἰδὼς
399 2126 443 2216 ήν
464 2141 533 2208 τοῖς
555 2133 629 2197 τότε
653 2129 856 2214 ἀνθρώποις,
878 2128 933 2195 καὶ
952 2129 1039 2195 οὕτω
1057 2132 1168 2214 τίμιον

148 2240 187 2304 τὸ
214 2245 274 2321 τῆς
299 2241 472 2322 βασιλικῆς
499 2235 650 2316 ἐξουσίας
677 2240 814 2322 μίμημα.
860 2231 911 2320 ἐφ’
937 2225 987 2311 οἷς
1011 2235 1029 2301 ὁ
1052 2239 1168 2302 Σικίν-

147 2368 222 2422 νιος
249 2343 428 2429 ἀδημονῶν
455 2341 510 2409 καί
538 2344 835 2431 διαταραττόμενος
857 2342 1041 2427 εὐλαβείας,
1054 2365 1088 2407 τε
1112 2365 1167 2427 με-

147 2454 226 2529 στδς
245 2451 306 2535 διν,
324 2452 368 2535 μή
387 2451 644 2538 προσαναγκάσῃ
662 2452 740 2526 τούς
759 2450 943 2534 διαφόρους
960 2459 1029 2524 τοϊς
1045 2451 1167 2534 βιαίοις
1181 2469 1208 2510 εο

149 2559 188 2624 τά
212 2561 306 2643 βίαια
329 2563 444 2641 λῦσαι,
470 2557 654 2642 ἀποστῆναι
676 2553 704 2621 τ’
729 2555 792 2623 οὐκ
815 2554 916 2635 ἀξιῶν
939 2564 1000 2622 τοῦ
1023 2555 1169 2641 ἐγχειρή-

149 2688 262 2750 ματος,
284 2663 398 2746 ίπειδὴ
422 2661 506 2742 ἅπαξ
530 2661 716 2748 ἐπεβάλετο,
738 2660 793 2728 καὶ
811 2660 923 2747 μένειν
943 2658 993 2746 ἐφ’
1013 2652 1063 2736 οἷς
1082 2662 1169 2747 ἔκρι-

148 2793 208 2837 νεν
232 2769 284 2837 οὐ·
298 2770 439 2846 δυνατὸς
463 2770 527 2853 ίύν,
553 2772 657 2846 πολὺς
680 2767 717 2835 έν
739 2775 784 2856 τῷ
809 2778 961 2850 σκοπεῖν,
991 2765 1009 2830 δ
1032 2789 1065 2831 τι
1086 2787 1169 2853 πρα-

150 2875 247 2945 κτέον
270 2872 322 2961 ήν.

75 3003 145 3052 1890
217 2981 368 3050 XXXVI.
406 2981 563 3049 Κατιδὼν
588 2979 618 3046 δ’
644 2982 746 3048 αὐτὸν
770 2980 1003 3067 ἀμηχανοῦντα
1026 2979 1169 3058 Λεύκιος
1183 2999 1208 3042 ει

144 3087 285 3168 Ἰούνιος
301 3093 463 3177 Βροῦτος,
481 3088 606 3166 ἐκεῖνος
624 3089 643 3156 δ
663 3090 859 3174 δημαγωγὸς
877 3087 896 3154 δ
915 3087 1167 3173 τεχνησάμενος,

204 3250 293 3389 ,τι
285 3238 720 3386 λιιιλλϊιαίαή
734 3246 927 3372 ναίον·
940 3243 1018 3370 λ·
1032 3252 1168 3387 αα

148 3391 172 3464 β
192 3339 322 3457 ξοσίας
339 3389 494 3459 ταδτίμημ
513 3389 676 3444 Ατῃτδτ
697 3390 721 3460 β
742 3383 763 3444 ἕ
782 3387 1056 3470 τίμημαΒτὸοιο,
1060 3337 1167 3456 μΟφτο

146 3463 251 3543 τίμημα
232 3460 359 3529 ecquod
383 3461 545 3528 corruptum
569 3475 630 3514 esse
654 3461 818 3528 apparete.
843 3457 968 3514 sintenis
992 3466 1083 3528 σχῆμα
1106 3458 1166 3512 Em

147 3481 290 3590 D10n.111
309 3537 357 3599 20,
376 3531 485 3600 μίμημα
504 3546 556 3600 ego
