2656 3974
553 240 721 291 -Θ-
1080 239 1144 304 311

128 418 202 478 σιος
224 401 244 485 ἡ
269 403 401 486 πληθὺς
423 410 490 466 τῶν
513 402 631 484 βελῶν.
678 401 713 466 ολ
734 396 771 466 δέ
789 398 942 486 Ῥωμαῖοι
963 405 1147 487 συστρεφό-

128 531 226 594 μενοι
253 508 335 572 κατὰ
359 510 480 592 λόχους
501 504 723 592 προσέτρεχον
746 507 858 584 αὐτοῖς
882 507 942 592 οὐχ
967 507 1147 594 ὑφισταμέ-

128 639 202 692 νοις
228 611 283 679 καλ
309 614 435 690 πολλάς
460 614 587 697 πληγὰς
614 612 839 697 λαμβάνοντες
865 614 930 680 ὑπὸ
957 624 1025 680 τῶν
1051 613 1144 699 πέριξ

127 719 303 806 ὑπέμενον.
349 720 394 798 ῶς
420 715 459 785 δὲ
485 719 526 785 τά
548 742 582 785 τε
611 718 690 805 ξίφη
713 723 850 797 πολλοῖς
872 720 1018 807 ἀχρηστα
1040 715 1083 805 ἦν
1106 721 1146 785 τὰ
1165 725 1186 788 4

128 823 192 913 μὲν
219 824 475 913 ἀπεστομωμένα
502 827 560 903 τὰς
587 825 706 910 ἀκμάς,
734 827 774 891 τὰ
802 823 839 891 δὲ
866 831 1064 912 κατεαγότα,
1090 825 1145 893 καὶ
1172 851 1185 892 ε

128 945 197 999 τῶν
229 933 379 1000 ἀσπίδων
411 934 452 998 τὰ
487 930 581 1019 πέριξ
619 939 710 1008 ίτνος
743 931 882 1018 ἐχόμενα
914 932 1145 1021 διετέθρυπτο,

53 1039 261 1125 ιεοοέξαιμοί
280 1063 315 1105 τε
339 1040 374 1104 ολ
393 1042 528 1116 πλείους
549 1035 604 1104 καλ
622 1042 813 1123 καταβελεῖς
830 1037 885 1104 καλ
903 1041 1087 1126 παράλυτοι
1104 1042 1146 1106 τά

129 1145 212 1231 μέλη
241 1148 297 1212 διὰ
323 1150 454 1230 πλῆθος
480 1144 677 1231 τραυμάτων
704 1139 807 1229 ἦσαν,
836 1150 1146 1232 καταφρονήσαντες

129 1254 240 1319 αὐτῶν
268 1254 304 1319 ολ
328 1250 496 1339 Τυρρηνοὶ
523 1261 692 1338 χωροῦσιν
715 1251 830 1336 ὁμόσε·
863 1250 919 1316 καλ
943 1253 978 1317 οἱ
994 1250 1145 1337 Ῥωμαῖοι

128 1363 390 1443 προσπίπτοντες
413 1360 524 1445 ὥσπερ
546 1361 651 1444 θηρία
674 1357 799 1444 δόρατά
822 1355 850 1422 τ’
876 1356 987 1424 αὐτῶν
1010 1357 1143 1444 ἐπιλαμ-
1160 1385 1186 1424 ιο
1256 1442 1264 1452 „

129 1465 310 1550 βανόμενοι
337 1472 520 1551 κατέκλων,
547 1464 602 1532 καλ
630 1463 708 1551 ξίφη
736 1466 953 1550 δραττόμενοι
979 1467 1061 1531 κατά
1089 1467 1146 1544 τάς

129 1572 236 1657 ἀκμὰς
258 1573 426 1657 ἀπέσπων,
448 1571 504 1638 καλ
526 1576 774 1659 περικυλίοντες
796 1574 844 1650 είς
862 1572 923 1656 την
942 1580 1005 1656 γῆν
1022 1574 1063 1638 τδι
1083 1574 1146 1640 σῶ-

128 1702 215 1764 ματα
239 1680 469 1765 συνεφύροντο
493 1685 593 1767 θυμῷ
616 1681 653 1745 τὸ
677 1684 794 1745 πλεῖον
816 1678 837 1763 ἢ
861 1679 1001 1765 δυνάμει
1025 1681 1146 1764 διαγω-

127 1788 306 1871 νιζόμενοι.
348 1783 425 1851 ὥστ’
448 1783 558 1851 οὐκέτι
581 1781 750 1872 συνῄεσαν
773 1786 887 1863 αὐτοῖς
909 1788 957 1864 είς
979 1795 1090 1872 χεῖρας
1113 1787 1149 1852 οί
1159 1793 1181 1858 5

100 1891 108 1908 “
127 1891 294 1977 πολέμιοι,
316 1897 355 1960 τό
373 1915 407 1958 τε
426 1895 620 1979 καρτερικὸν
640 1891 894 1977 ἐκπληττόμενοι
913 1902 980 1958 τῶν
999 1891 1144 1978 ἀνδρῶν,
1159 1915 1185 1957 ιε

127 1996 185 2064 καὶ
211 2002 272 2084 τὴν
295 1999 474 2083 ἀπόνοιαν,
500 1999 544 2082 ἣν
566 2002 848 2084 προσειλήφεσαν,
876 1999 957 2064 κατὰ
980 2000 1041 2083 τὴν
1064 1998 1145 2065 ἀπό-

127 2123 256 2188 γνωσιν
279 2115 340 2171 τοῦ
359 2109 416 2190 ζῆν
436 2107 595 2183 δεδιότες·
620 2103 691 2171 ἀλλ’
710 2105 912 2182 ἀποστάντες
930 2099 1031 2182 αὖθις
1050 2108 1146 2190 ἔβαλ-

129 2217 191 2278 λον
215 2212 337 2298 ἀθρόοι
360 2210 415 2277 καλ
439 2211 550 2290 ξύλοις
572 2211 628 2278 καλ
652 2216 763 2290 λίθοις
784 2209 839 2276 καλ
859 2211 923 2301 ότφ
943 2212 1032 2302 ἀλλφ
1052 2211 1145 2279 ε’ντύ-

127 2342 232 2403 χοιεν,
255 2317 320 2400 καὶΙ
333 2322 547 2396 τελευτῶντες
570 2317 796 2404 ἐγκατέχωσαν
820 2318 941 2396 αὐτοὺς
958 2326 1003 2407 τῷ
1022 2322 1145 2403 πλήθει

127 2436 196 2492 τῶν
218 2426 336 2508 βελῶν.
383 2426 638 2512 διαφθείραντες
661 2420 699 2490 δὲ
721 2427 799 2501 τοὺς
822 2425 946 2511 ἄνδρας
969 2427 1068 2494 ἔθεον
1092 2426 1145 2492 ἐπὶ
1160 2452 1185 2491 εο

127 2534 166 2598 τὸ
196 2533 379 2618 φρούριον,
409 2533 540 2617 ἔχοντες
569 2533 626 2609 τὰς
655 2541 722 2596 τῶν
751 2530 1018 2615 ἐπιφανεστάτων
1046 2556 1145 2618 κεφα-

128 2639 201 2722 λάς,
224 2639 269 2716 ὡς
291 2638 325 2717 ἐξ
347 2637 474 2724 ἐφόδου
497 2641 575 2714 τοὺς
598 2637 668 2703 ἐκεί
687 2641 969 2722 παραληψόμενοι.
1012 2637 1053 2703 οδ
1077 2640 1143 2723 μὴν
1164 2647 1184 2710 6

53 2744 278 2830 1801έχῶρησέ
311 2742 346 2828 γ’
378 2745 491 2821 αὐτοῖς
527 2741 602 2809 κατ’
639 2742 756 2808 ἐλπίδα
789 2746 825 2809 τὸ
859 2746 973 2831 ἔργον·
1016 2745 1052 2809 οί
1082 2745 1144 2831 γάρ
1296 2747 1299 2753 ’

127 2849 406 2937 καταλειφθέντες
436 2852 473 2917 έν
503 2851 591 2938 αὐτῶ
624 2851 826 2934 ζηλώσαντες
854 2854 892 2916 τὸ
923 2848 1055 2935 εὐγενές
1083 2861 1145 2916 τοῦ

128 2959 282 3024 θανάτου
300 2971 368 3025 τῶν
385 2956 422 3025 θ’
444 2955 586 3044 ἑταίρων
604 2955 659 3023 καὶ
678 2956 789 3041 (τῶν)
809 2968 982 3042 συγγενῶν
1001 2956 1144 3042 ἐξῆλθον
1160 2983 1185 3023 νε

128 3065 239 3148 όλίγοι
257 3065 465 3130 παντάπασιν
484 3066 588 3147 ὄντες,
606 3061 661 3129 καλ
679 3067 788 3130 πολὺν
806 3064 1050 3149 ἀγωνισάμενοι
1068 3068 1146 3150 χρό-

127 3195 192 3238 νον
214 3173 275 3237 τὸν
297 3171 399 3238 αὐτὸν
422 3174 548 3258 τρόπον
570 3182 639 3249 τοῖς
663 3168 786 3257 ἑτέροις
803 3172 943 3249 ἅπαντες
962 3171 1145 3256 διεφθάρη-

202 3361 301 3418 ῶτάδ’
323 3358 425 3432 έοιγότα
445 3365 466 3416 Β
526 3371 540 3418 ’λ
561 3359 754 3437 έξ<αι>μοίΒ
813 3370 847 3418 22
866 3363 1146 3438 παραλ<η>ψόμενοι

127 3435 176 3490 Bb
254 3441 288 3490 23
307 3433 404 3489 *κατὰ
421 3434 473 3504 τὴν
492 3430 593 3490 ἐλπίδα
614 3434 636 3490 0
656 3435 763 3489 correxi
838 3441 873 3489 25
892 3431 1057 3510 ἕτ<αί>ρων
1075 3435 1122 3492 Bb
1139 3436 1143 3508 Ῑ

127 3515 184 3561 τῶν
204 3505 269 3561 add.
290 3505 409 3576 Sylburg
488 3512 522 3561 2⁷
542 3504 784 3580 διεφθάρ<η>σαν
803 3505 849 3560 Bb
