2656 3974
171 241 238 305 314
596 243 762 296 -Θ-

170 407 250 489 μίαν
281 403 392 470 αὐτῶν
419 408 624 490 ποιήσασθαι
650 406 815 492 φροντίδα
842 415 900 490 τῆς
925 403 955 472 τ’
986 405 1103 491 ἀρετῆς
1130 405 1191 472 καὶ

136 510 270 596 2δόξης
298 523 367 590 τοῖς
396 511 538 598 ἀνδράσι
567 519 718 597 φθονῶν.
763 521 944 598 τοιγαροῦν
973 513 1053 597 μετὰ
1083 511 1186 579 ταῦθ’

171 615 334 704 ὑπαχθεὶς
355 618 421 684 ὑπὸ
444 629 512 684 τῶν
536 619 714 704 δημάρχων
737 620 784 695 εἰς
807 620 904 704 δίκην
928 616 980 684 έπὶ
1003 621 1106 705 ταύτῃ
1125 621 1190 704 μά·

170 728 265 790 λιστα
293 733 332 810 τῇ
360 727 448 812 αἰτία
476 722 570 791 ἑάλω.
616 726 747 810 σφόδρα
775 725 839 811 γὰρ
862 723 1046 808 ἐπένθησεν
1069 723 1190 809 ἡῬω-

143 834 278 915 εμαίῶν
309 835 406 909 πόλις
437 831 572 917 ἀνδρῶν
601 833 770 899 τοσούτων
796 829 852 897 καλ
879 834 1041 898 τοιούτων
1068 833 1190 918 ἀρετάς

170 937 428 1023 ἀποκειραμένη,
454 936 510 1005 καὶ
536 940 621 1025 πρὸς
645 940 734 1005 ἅπαν
756 940 794 1004 τὸ
817 938 919 1017 δόξαν
942 939 1055 1016 αὐτοῖς
1077 945 1189 1005 αἴτιον
1320 973 1321 1010 ι

170 1041 343 1128 γεγονέναι
370 1053 428 1128 τῆς
450 1046 603 1129 τοιαύτης
626 1054 800 1131 συμφορᾶς
821 1056 946 1132 πικρῶς
968 1043 1023 1110 καὶ
1046 1044 1188 1132 ἀπαραι-
1320 1047 1321 1122 ἶ

169 1154 274 1236 τήτῶς
302 1146 403 1237 εἶχεν·
435 1153 497 1236 τὴν
526 1148 556 1215 δ’
582 1149 710 1236 ἡμέραν
738 1150 885 1236 έκείνην,
911 1150 950 1218 έν
971 1145 993 1238 ᾖ
1017 1155 1054 1217 τὸ
1076 1153 1189 1230 πάθος
1320 1135 1321 1198 }

171 1257 313 1342 ἐγένετο,
335 1256 495 1343 μέλαινάν
518 1281 552 1323 τε
575 1256 630 1323 καὶ
654 1257 832 1345 ἀποφράδα
854 1263 994 1345 πύθεται,
1016 1257 1070 1324 καὶ
1090 1260 1187 1326 οὐδε-

131 1387 157 1426 ιο
170 1367 228 1442 νὸς
258 1364 301 1430 ἀν
333 1367 434 1450 ἔργου
465 1364 502 1430 έν
531 1366 633 1451 ταύτῃ
662 1375 808 1452 χρηστοῦ
838 1364 990 1451 ἄρξαιτο,
1021 1368 1083 1450 τὴν
1112 1370 1188 1433 τότε

131 1475 346 1557 δσυμβᾶσαν
382 1471 464 1557 αὐτῇ
499 1472 602 1558 τύχην
635 1470 843 1556 ὀττευομένη.
898 1472 943 1550 ὡς
974 1469 1011 1538 δέ
1043 1477 1188 1557 πλησίον

170 1577 325 1662 ἐγένοντο
343 1589 410 1644 τῶν
424 1575 595 1664 Ῥωμαίων
614 1579 650 1643 ολ
665 1582 844 1665 Τυρρηνοί,
862 1580 1055 1657 συνιδόντες
1073 1580 1188 1646 αὐτῶν

170 1688 207 1752 τὸ
229 1687 452 1771 στρατόπεδον
466 1723 511 1733 -
524 1681 567 1771 ην
587 1683 617 1752 δ’
635 1687 701 1752 ὑπὸ
720 1689 837 1770 λαγόνι
855 1691 1010 1771 κείμενον
1028 1689 1128 1773 ὄρους
1142 1726 1188 1735 -

170 1801 228 1876 τῆς
249 1789 276 1858 τ’
305 1792 455 1878 ἀπειρίας
476 1803 538 1860 τοῦ
562 1803 747 1879 στρατηγοῦ
770 1797 1037 1878 κατεφρόνησαν,
1069 1792 1124 1860 καὶ
1146 1797 1264 1862 τὸ1805

131 1918 158 1959 ιι
171 1895 275 1966 δοθέν
302 1899 367 1966 ὑπὸ
395 1908 453 1983 τῆς
479 1901 579 1986 τύχης
605 1899 830 1985 πλεονέκτημα
858 1899 1031 1985 ἀγαπητῶς
1054 1903 1187 1984 ἔλαβον.

169 2004 224 2072 καὶ
253 2005 369 2072 αὐτίκα
397 2009 475 2084 τοὺς
504 2007 609 2084 ἱππεῖς
638 2007 859 2092 ἀναλαβόντες
881 2009 963 2073 κατὰ
985 2007 1047 2090 τὴν
1071 2004 1188 2094 ἑτέραν
1321 2019 1322 2044 ¹

170 2114 318 2200 πλευράν
345 2122 406 2178 τοῦ
434 2116 542 2198 λόφου
567 2113 707 2190 οὐδενὸς
728 2115 918 2191 κωλύοντος
941 2111 1108 2198 ἀνέβησαν
1132 2112 1189 2179 ἐπὶ
1321 2185 1322 2190 1

169 2220 230 2303 τὴν
261 2221 430 2305 κορυφήν.Ι
473 2223 734 2305 καταλαβόμενοι
767 2217 805 2285 δέ
836 2223 896 2287 τὸν
927 2217 1012 2307 ὑπὲρ
1041 2225 1189 2306 κεφαλῆς

170 2336 238 2390 τῶν
255 2323 425 2410 Ῥωμαίων
443 2329 614 2414 κόρυμβον
633 2329 750 2392 ἔθεντο
769 2325 807 2392 έν
825 2328 933 2416 τούτῳ
951 2327 991 2393 τά
1011 2327 1106 2410 ὅπλα,
1130 2325 1187 2392 καὶ

132 2451 158 2490 ιν
170 2433 232 2516 τὴν
250 2432 355 2515 ἀλλην
374 2434 519 2518 δύναμιν
537 2433 695 2519 ἀσφαλῶς
713 2433 975 2518 ἀναβιβάσαντες
992 2434 1109 2521 ὑψηλῷ
1128 2435 1189 2519 χά-

171 2562 247 2626 ρακι
273 2535 329 2604 καὶ
351 2543 474 2628 βαθείᾳ
496 2541 612 2629 τάφρφ
634 2542 696 2625 τὴν
718 2542 932 2627 παρεμβολὴν
956 2541 1188 2626 ὠχυρώσαντο.

134 2647 202 2713 4εί
229 2641 290 2730 μὲν
320 2640 383 2711 οὖν
413 2647 562 2712 συνιδὼν
592 2647 610 2713 ό
637 2648 826 2730 Μενήνιος,
856 2638 930 2712 οἷον
958 2648 1060 2712 ἔδωκε
1089 2651 1188 2712 πλεο-

170 2751 313 2837 νέκτημα
335 2763 405 2830 τοῖς
427 2757 609 2838 πολεμίοις,
632 2751 778 2838 μετέγνω
802 2777 836 2819 τε
859 2755 921 2837 τὴν
940 2751 1112 2840 ἁμαρτάδα
1130 2751 1187 2818 καὶ

170 2861 217 2936 εἰς
235 2857 483 2945 ἀσφαλέστερον
501 2858 649 2944 ἀπήγαγε
666 2863 792 2944 χωρίον
810 2861 871 2944 τὴν
889 2860 1059 2945 στρατιάν,
1082 2862 1189 2945 σοφὸς

6 3009 7 3018 ι
131 2985 156 3026 ιι
170 2965 212 3032 ἀν
234 2962 288 3051 ἦν,
311 2975 375 3033 νῦν
397 2962 434 3032 δὲ
453 2962 497 3032 δι’
516 2967 676 3052 αἰσχύνης
694 2966 874 3051 λαμβάνων
893 2968 930 3033 τὸ
950 2967 1063 3033 δοκεῖν
1081 2966 1189 3051 ἡμαρ-

241 3237 257 3284 2
281 3229 384 3300 φθόνοι
408 3229 455 3283 Ba
481 3235 484 3296 Ι
510 3229 579 3299 μετδι
602 3237 690 3284 ταῦτα
713 3229 855 3300 ὑπαχθεὶς
877 3230 932 3285 ύτδ
955 3239 1010 3285 τῶν
1034 3229 1188 3299 δημάρχων

170 3319 223 3357 om.
243 3301 290 3356 Βα
361 3301 454 3371 4γδιρ
474 3301 570 3356 om.B
644 3306 677 3358 10
700 3299 753 3368 τήν
771 3321 801 3356 τε
820 3301 1010 3373 συμβᾶσανΑ
1085 3308 1116 3356 15
1139 3309 1189 3370 τῆς

132 3383 134 3390 “
170 3390 224 3426 om.
243 3372 290 3426 Ba
315 3375 318 3440 Ι
343 3371 537 3442 πλεονέκτημα
556 3372 652 3426 om.B
727 3378 760 3427 18
777 3380 827 3442 τῆς
846 3392 877 3427 κε
902 3377 970 3442 αλῆς
989 3371 1012 3426 O
1030 3373 1146 3440 praeter
1164 3373 1189 3425 B

170 3450 210 3567 βΙΒΙ
228 3442 369 3566 ἁμαρτάδα
387 3443 413 3496 Α
520 3449 555 3498 24
579 3443 670 3512 ἀπῆγε
690 3442 712 3497 0
732 3443 860 3514 ἀπήγαγε
879 3393 1005 3498 {imonis
1022 3443 1084 3499 Em.
1103 3442 1189 3498 Dion.
