2586 3972
196 193 262 257 206
622 197 788 246 -Η-

161 352 287 422 2ταῦτ’
313 356 417 421 είπὼν
444 353 498 420 ἐπὶ
525 355 587 438 τῆν
615 356 744 440 σκηνήν
766 351 865 442 ἀπῄει
888 355 1045 432 κελεύσας
1073 352 1201 419 ἀκολου-

195 468 273 527 θεῖν
299 464 361 546 τῆν
388 485 422 528 τε
450 459 574 547 μητέρα
601 459 655 528 καλ
683 463 745 546 τῆν
772 473 915 545 γυναῖκα
943 459 999 526 καὶ
1022 461 1061 525 τά
1084 460 1201 543 παιδία,
1268 447 1275 496 2

97 585 100 592 '
196 571 281 634 ἔνθα
303 571 363 634 τὸν
387 571 506 635 λοιπὸν
528 576 586 652 τῆς
607 566 730 654 ἡμέρας
752 571 876 655 χρόνον
896 567 1124 652 σκοπούμενος
1144 568 1200 631 σὺν
1269 594 1275 628 ἶι

196 675 325 758 αὐταῖς,
354 675 427 741 ὅτι
450 677 512 761 χρῆ
535 674 703 761 πράττειν,
727 673 920 740 διετέλεσεν.
965 669 1008 758 ῆν
1033 671 1071 739 δὲ
1093 675 1132 738 τδι
1152 673 1201 737 δό-
1274 705 1275 734 ;

168 781 296 860 νξαντα
320 780 433 859 αὐτοῖς
455 781 579 847 τοιάδε·
609 779 685 866 περὶ
708 777 770 865 μὲν
792 789 849 865 τῆς
870 782 1023 847 καθόδου
1047 782 1127 864 μήτε
1148 780 1201 862 τῆν
1274 813 1275 842 ;

195 889 322 972 βουλήν
345 887 438 965 τέλος
461 885 570 972 μηθὲν
589 886 741 974 ἐκφέρειν
760 889 808 964 είς
829 889 888 954 τὸν
908 889 1015 972 δῆμον
1034 883 1108 970 μήτ’
1130 884 1201 950 έκεῖ-
1274 947 1275 950 ,

195 1019 257 1061 νον
285 993 510 1080 ἐπιψηφίζειν,
537 991 617 1078 πρὶν
644 993 687 1060 ἀν
713 1006 783 1072 τοῖς
812 993 1040 1070 Οὐολούσκοις
1072 991 1200 1077 εὐτρεπῆ
1274 1039 1275 1044 1

194 1099 329 1185 γένηται
352 1103 393 1166 τά
415 1099 491 1187 περὶ
521 1104 635 1187 φιλίας
656 1099 712 1166 καὶ
735 1102 945 1178 καταλύσεως
966 1109 1028 1165 τοῦ
1050 1096 1199 1183 πολέμου·
1274 1130 1275 1140 ¹

195 1206 298 1274 αὐτὸν
328 1203 365 1272 δδ
395 1208 456 1291 τήν
486 1209 642 1294 στρατιδιν
672 1207 903 1292 ἀναστήσαντα
936 1208 980 1283 ὡς
1010 1207 1068 1272 διδ
1099 1207 1275 1290 φιλίαςιελί,

154 1334 180 1374 10
195 1323 255 1398 γῆς
281 1313 435 1398 ἀπάγειν·
463 1314 652 1401 ὑποσχόντα
680 1311 718 1380 δὲ
745 1323 802 1398 τῆς
825 1314 928 1400 ἀρχῆς
949 1317 1053 1398 λόγον
1076 1311 1131 1378 καὶ
1153 1311 1201 1386 τδς
1274 1345 1275 1348 ¹

195 1421 383 1504 εὐεργεσίας
415 1419 677 1505 ἀποδειξάμενον
714 1420 830 1499 ἀξιοῦν
862 1423 941 1496 τοὺς
973 1417 1201 1506 ἐπιτρέψαντας
1274 1452 1275 1458 1

194 1526 282 1613 αὐτῷ
306 1528 367 1611 τῆν
392 1527 560 1613 στρατιάν,
583 1526 725 1611 μάλιστα
748 1523 810 1612 μὲν
833 1529 929 1612 φιλίᾳ
953 1523 1112 1612 δέχεσθαι
1131 1527 1200 1600 τούς

194 1635 372 1716 πολεμίους
390 1631 445 1698 καί
464 1635 635 1717 συνθήκας
652 1637 858 1718 ποιήσασθαι
877 1636 1017 1717 δικαίας,
1040 1632 1130 1722 αὐτῷ
1147 1632 1200 1714 τῆν

196 1739 329 1822 ἰσότητα
355 1736 411 1804 καὶ
440 1742 478 1805 τδ
501 1742 545 1824 μῆ
569 1744 736 1825 σφαλῆναι
759 1739 835 1825 περὶ
859 1741 916 1817 τάς
938 1741 1119 1825 ὁμολογίας
1140 1738 1200 1804 ἐπι-

155 1829 385 1942 Ξτρέψαντας.
431 1849 464 1913 εί
484 1843 515 1912 δ’
543 1844 595 1912 ἐπὶ
618 1858 687 1924 τοῖς
709 1845 988 1934 κατωρθωμένοις
1010 1850 1128 1931 σφίσιν
1150 1845 1201 1909 αὐ-

194 1952 333 2030 θαδείας
360 1951 647 2038 ἀναπιμπλάμενοι
675 1955 719 2038 μῆ
750 1951 900 2039 δέχοιντο
930 1955 989 2032 τὰς
1019 1951 1201 2035 διαλλαγάς,
1274 1979 1275 2018 3

195 2057 399 2144 ἀφίστασθαι
426 2069 483 2144 τῆς
510 2060 611 2147 ἀρχῆς
638 2060 758 2138 αὐτοῖς.
804 2061 825 2144 ῆ
852 2062 917 2146 γάρ
945 2060 1006 2146 οὐχ
1029 2061 1201 2144 ὑπομενεῖν

195 2164 316 2242 αὐτούς
342 2166 446 2233 ἀλλον
473 2168 547 2233 τινά
575 2168 743 2253 αἱρεῖσθαι
776 2170 962 2253 στρατηγὸν
990 2162 1034 2231 δι’
1066 2166 1201 2252 ἀπορίαν

195 2270 326 2354 ἀγαθοῦ
358 2272 537 2358 ἡγεμόνος,
573 2273 593 2358 ή
630 2275 1001 2361 παρακινδυνεύσαντας
1034 2273 1201 2362 ὁτῳδήτινι

155 2397 181 2436 20
195 2380 404 2462 παραδοῦναι
431 2381 489 2458 τὰς
516 2381 674 2465 δυνάμεις
702 2384 765 2447 σύν
793 2381 918 2468 μεγάλῃ
943 2382 1202 2466 διδαχθήσεσθαι

195 2484 302 2572 βλάβῃ
325 2486 385 2569 τῆν
408 2495 468 2553 τοῦ
492 2486 720 2574 συμφέροντος
742 2487 880 2573 αἵρεσιν.
925 2489 966 2553 τὰ
989 2483 1050 2572 μὲν
1070 2487 1111 2570 δῆ
1129 2490 1202 2570 βου-

195 2590 358 2658 λευθέντα
381 2593 494 2671 αὐτοῖς
515 2592 571 2659 καὶ
592 2595 733 2673 δόξαντα
753 2595 864 2660 δίκαιά
881 2618 916 2660 τε
939 2592 994 2660 καὶ
1018 2594 1094 2659 ὅσια
1112 2587 1203 2672 εἶναι,

194 2701 305 2785 φήμης
335 2696 363 2765 τ’
396 2699 527 2785 ἀγαθῆς
556 2699 607 2787 ἐφ’
639 2695 661 2788 ᾗ
692 2701 834 2786 μάλιστα
864 2702 882 2768 δ
913 2701 999 2787 ἀνήρ
1030 2699 1202 2774 ἐσπούδαζε

160 2807 283 2891 4παρδ
305 2814 386 2872 πᾶσι
409 2806 600 2892 τευξόμενα,
622 2807 734 2874 τοιάδε
757 2803 810 2891 ῆν.
856 2806 1011 2893 ἐτάραττε
1029 2805 1070 2872 δέ
1084 2831 1133 2884 τις
1150 2803 1203 2868 αὐ-

156 2928 181 2970 2⁵
194 2915 273 2991 τοὺς
295 2913 423 2992 ὑποψία
447 2911 522 2992 δέος
545 2915 676 3000 ἔχουσα,
700 2918 744 3000 μή
767 2936 847 2980 ποτε
865 2912 1040 2998 ἀλόγιστος
1058 2915 1152 2999 ’όχλος
1170 2909 1203 2975 έν

196 3019 304 3086 ε’λπίδι
331 3029 392 3085 τού
419 3019 763 3105 καταπεπολεμηκέναι
790 3023 827 3087 τὸ
861 3019 1043 3086 ἀντίπαλον
1069 3021 1133 3104 ῆδη
1160 3017 1204 3081 διν

196 3124 239 3190 δι’
272 3127 372 3213 ἀργῆς
404 3125 548 3213 ἀκράτου
580 3126 665 3214 λάβῃ
696 3130 758 3213 τήν
790 3127 973 3214 ἀποτυχίαν
1002 3127 1137 3192 κάπειτα
1162 3123 1257 3200 ὡς1634

195 3235 363 3319 προδότην
383 3232 485 3299 αὐτὸν
499 3229 578 3299 οὐδὲ
593 3237 696 3318 λόγου
710 3237 873 3320 μεταδοὺς
887 3235 1077 3322 αὐτοχειρίᾳ
1094 3231 1203 3317 φθάσῃ

267 3395 282 3442 5
302 3388 370 3458 μήτε
388 3390 440 3458 τῆν
460 3390 563 3462 βουλήν
591 3391 659 3461 μήτε
679 3390 745 3446 ἀλλο
765 3391 858 3462 μηθὲν
877 3391 902 3444 Α
994 3398 1010 3448 8
1030 3392 1065 3446 τὰ
1083 3407 1134 3445 om.
1152 3386 1203 3441 AB

198 3465 230 3513 16
250 3460 478 3528 ἀναπιπλάμενοι
496 3461 521 3513 Α
595 3467 628 3516 17
647 3461 799 3531 ὑπομένειν
819 3463 870 3516 ΑΒ
