2586 3972
512 233 544 242 -
582 205 610 255 Η
646 232 680 242 -
1038 203 1101 266 241

96 363 218 447 μάτων,
246 361 301 429 καὶ
329 365 379 430 ὅτι
406 362 440 442 ἐξ
469 365 565 449 ἡμῶν
588 387 675 443 τινες
697 365 738 431 ού
761 367 898 442 δικαίως
920 365 1004 431 αὐτὰ
1026 390 1105 449 καρ-

97 478 239 535 ποῦνται.
294 468 354 534 ἐάν
386 466 423 535 δέ
456 468 710 555 δημοσιωθέντα
743 471 839 536 ἴδωσι
870 469 926 536 καλ
957 473 1014 549 τάς
1046 469 1100 536 ἀπ’

97 573 200 641 αὐτῶν
222 577 411 660 προσόδους
434 579 483 654 είς
505 579 545 642 τά
567 578 664 644 κοινά
686 575 743 643 καὶ
766 577 930 661 ἀναγκαία
953 579 1105 644 δαπανω-

95 679 201 765 μένας,
229 679 331 749 οὐδὲν
353 682 585 768 ὑπολήψονται
609 687 703 769 σφίσι
727 681 900 770 διαφέρειν
922 693 980 768 τῆς
1002 683 1105 769 γῆςῆ

93 798 155 854 τῶν
183 788 216 868 ἐξ
245 789 345 874 αὐτῆς
371 801 508 877 καρπῶν
535 787 691 876 μετέχειν.
737 789 780 857 ἐῶ
809 791 874 877 γὰρ
900 789 1027 875 λέγειν,
1055 769 1147 882 ὅτι4ὗ

91 905 155 960 τῶν
179 894 314 982 ἀπόρων
337 896 448 974 ένίους
471 901 599 981 μᾶλλον
618 896 859 983 εὐφραίνουσιν
878 897 915 962 αί
935 895 1107 983 ἀλλότριαι

90 1002 211 1087 βλάβαι
234 1013 301 1068 τῶν
325 1003 421 1068 ἰδίων
444 1003 624 1088 ὠφελειῶν.
664 1003 705 1068 ού
728 1004 795 1088 μὴν
818 1001 967 1089 ἀποχρῆν
985 999 1015 1088 γ’
1039 1009 1107 1070 οίο-

91 1132 147 1192 μαι
170 1109 300 1174 τούτων
324 1107 479 1193 ἑκάτερον
502 1108 540 1174 έν
561 1117 613 1198 τῷ,
630 1113 818 1194 ψηφίσματι
841 1111 995 1196 γράφειν,
1023 1109 1107 1176 ἀλλά

90 1211 143 1279 καὶ
168 1210 215 1278 δι’
236 1215 339 1299 άλλης
356 1218 446 1292 τινὸς
464 1222 577 1300 οἴομαι
601 1215 674 1282 δεῖν
696 1215 876 1302 θεραπείας
897 1219 1030 1301 μετρίας
1047 1219 1108 1282 τὸν

91 1322 198 1404 δῆμον
217 1321 458 1388 οἰκειώσασθαί
476 1345 511 1387 τε
535 1320 591 1386 καλ
610 1320 803 1406 ἀναλαβεῖν·
826 1319 869 1404 ἣν
887 1323 968 1406 μετὰ
986 1324 1106 1408 μικρὸν
1121 1338 1147 1379 10

90 1425 167 1510 ἐρῶ,
195 1427 258 1511 την
280 1427 390 1492 αἰτίαν
412 1438 546 1513 πρῶτον
569 1428 650 1512 ὑμῖν
678 1426 953 1512 ἀποδειξάμενος,
981 1433 1108 1511 μᾶλλον

90 1530 125 1599 δὲ
149 1533 214 1617 την
238 1532 398 1618 ἀνάγκην,
422 1528 466 1598 δι’
492 1533 536 1617 ἣν
558 1531 615 1599 καὶ
637 1543 735 1600 τοῦτο
757 1531 922 1621 πρακτέον
935 1534 1034 1618 ημῖν.

156 1639 291 1706 LXXV.
322 1637 406 1706 Ἴστε
429 1641 538 1724 δήπου
556 1644 634 1718 τοὺς
652 1639 690 1707 έν
707 1649 747 1726 τῇ
767 1639 923 1729 ἐκκλησίᾳ
946 1638 1110 1728 ῥηθέντας

8 1737 10 1796 f
88 1747 154 1813 ὑπὸ
179 1757 241 1814 τοῦ
265 1747 435 1833 δημάρχου
458 1750 591 1831 λόγους,
614 1744 661 1812 ὅτ’
682 1749 781 1833 ἤρετο
804 1759 872 1815 τῶν
895 1748 1030 1814 ὑπάτων
1050 1749 1110 1813 τὸν

8 1849 10 1856 ’
89 1852 207 1940 ἕτερον
234 1863 354 1920 τοῦτον
383 1852 599 1940 Οὐεργίνιον,
626 1853 745 1937 ἥντινα
772 1856 910 1940 γνώμην
937 1857 1003 1939 ἔχει
1033 1850 1110 1939 περὶ
1125 1867 1151 1909 15

34 1970 147 2044 ιιιιτῆς
180 1962 395 2045 κληρουχίας,
426 1962 549 2045 πότερα
580 1969 651 2044 τοῖς
679 1955 740 2045 μέν
768 1964 918 2038 πολίταις
946 1969 1114 2045 συγχωρεῖ

90 2064 265 2150 διανέμειν
290 2066 331 2130 τά
360 2067 518 2152 δημόσια,
545 2076 614 2144 τοῖς
643 2062 680 2132 δέ
708 2067 892 2152 συμμάχοις
919 2065 981 2132 οὐκ
1008 2064 1063 2153 ἐᾷ,
1089 2064 1111 2149 ἢ

16 2220 18 2224 -
89 2185 158 2239 τῶν
189 2183 315 2238 κοινῶν
338 2182 405 2238 τῖον
426 2171 598 2259 ἡμετέρων
621 2170 693 2239 οὐδ’
720 2172 802 2258 ἡμῖν
826 2181 993 2258 συγχωρεῖ
1012 2169 1112 2258 μέρος

90 2278 282 2364 λαγχάνειν.
326 2275 383 2344 καὶ
406 2273 503 2356 οὗτος
526 2279 719 2364 ὡμολόγησε
742 2280 780 2344 τὸ
804 2275 882 2343 καθ’
907 2277 993 2361 ἡμᾶς
1013 2276 1112 2364 μέρος
1283 2361 1284 2364 ¹

92 2384 133 2451 οὐ
157 2384 302 2449 κωλύειν
319 2391 378 2468 τῆς
394 2387 606 2471 κληρουχίας,
629 2383 688 2450 ἐὰν
707 2383 809 2449 άπασι
832 2392 935 2448 ταῦτα
954 2384 1111 2469 κράτιστα
1125 2401 1152 2442 20

92 2487 181 2558 εἶναι
205 2491 300 2576 δοκῇ·
329 2487 385 2556 καὶ
407 2490 427 2575 ἡ
452 2493 660 2578 συγχώρησις
681 2491 742 2574 ἥδε
765 2490 843 2567 τούς
865 2512 900 2554 τε
924 2491 1113 2577 δημάρχους

93 2597 251 2681 ἐποίησεν
278 2597 360 2682 ἡμῖν
388 2599 638 2682 συναγωνιστάς
664 2594 719 2662 καὶ
746 2598 807 2662 τὸν
837 2597 944 2681 δῆμον
977 2595 1113 2662 ἐπιεικέ-

94 2723 224 2789 στερον.
269 2708 305 2770 τί
324 2697 388 2771 οὖν
410 2706 587 2788 μαθόντες,
609 2703 630 2768 ά
648 2706 721 2769 τότε
740 2704 1029 2790 συνεχωρήσαμεν,
1048 2705 1149 2768 νῦν2

94 2809 354 2894 ἀναθησόμεθα;
382 2809 403 2895 ἣ
431 2814 465 2876 τί
489 2807 592 2877 πλέον
618 2810 699 2894 ἡμῖν
722 2811 813 2876 ἔσται
835 2810 876 2874 τὰ
898 2817 1036 2894 γενναῖα
1058 2805 1114 2872 καλ

93 2919 134 2982 τὰ
165 2918 250 2982 καλά
279 2917 501 3002 πολιτεύματα
530 2913 586 2982 καὶ
616 2915 691 2995 ἀξια
723 2925 781 3001 τῆς
811 2914 989 3000 ἡγεμονίας
1020 2919 1114 2980 πολι-
1128 2932 1154 2974 ιι

94 3019 300 3106 τευομένοις,
330 3020 390 3088 έύυ
419 3023 464 3107 μη
494 3026 665 3107 πείθωμεν
693 3025 773 3098 τοὺς
802 3019 1043 3108 χρησομένουςς
1073 3020 1115 3086 οὐ

169 3255 186 3304 2
206 3249 238 3304 δὲ
257 3265 311 3306 om.
330 3249 356 3301 A
411 3256 427 3304 8
446 3249 555 3318 γραφὲν
571 3250 593 3305 0
613 3248 735 3320 γράφειν
749 3247 839 3304 Cobet
854 3247 919 3302 Obs.
934 3265 962 3317 p.
979 3253 1031 3302 170
1081 3251 1115 3300 15

96 3321 212 3376 τουτονὶ
230 3336 253 3373 ο.
273 3319 396 3374 Reudler
413 3318 504 3375 Tiroc.
524 3321 585 3376 criss.
600 3337 629 3389 p.
644 3324 678 3374 68
695 3325 699 3386 1
716 3317 776 3390 έχοι
794 3318 820 3372 Α
875 3325 909 3375 20
927 3317 979 3387 την
997 3321 1048 3388 κλη
1068 3338 1116 3373 ου-

98 3393 164 3461 χίαν
184 3407 206 3447 ο.
227 3390 350 3461 Sylburg
371 3390 406 3458 Ι*
419 3399 489 3446 πᾶσι
509 3391 531 3446 Ο
587 3397 622 3446 23
641 3388 822 3453 παθόντεςῦ
841 3392 871 3444 ολ
889 3406 912 3445 ο.
927 3389 1030 3444 Garrer
1049 3339 1115 3447 She.

98 3479 126 3531 p.
142 3468 177 3516 19
251 3467 284 3517 26
303 3461 492 3533 πολιτεύματα
512 3462 664 3518 delendum
681 3461 795 3517 videtur

154 3561 255 3601 mom.
270 3560 333 3602 Ηιτι.
343 3561 389 3601 ΠΙ.
415 3571 454 3602 ιο.
467 3562 570 3603 ῖιοοιιῑ,
924 3555 958 3605 16
