2674 3978
552 243 714 291 -Z-
1098 239 1138 303 λΙ

127 402 233 466 ἄλλων
261 399 440 486 δημάρχων
463 400 484 466 δ
506 405 705 485 παραλιπεῖν
733 401 846 478 αὐτοῖς
875 401 1002 480 ἐκεῖνος
1029 401 1138 469 ἐδόκει

128 507 454 593 συναγορευσάντων,
478 507 590 592 ἐπειδὴ
614 510 748 593 γνώμας
771 511 839 574 ἔδει
857 512 935 586 τοὺς
953 507 1138 594 συνέδρους

127 612 382 700 ἀποφαίνεσθαι,
403 625 529 701 πρῶτον
552 611 614 699 μὲν
637 616 673 682 οί
692 616 911 701 πρεσβύτατοι
935 627 1001 681 τῶν
1023 616 1139 681 ὑπατι-

126 732 190 786 κῶν
217 722 419 806 καλούμενοι
450 723 531 787 κατά
562 725 622 788 τὸυ
650 724 794 788 εἰωθότα
824 725 951 806 κόσμον
979 721 1044 787 ὑπὸ
1072 734 1138 788 τῶν
1167 805 1170 810 ἡ

70 826 256 893 1416ὑπάτων
275 827 463 913 ἀνίσταντο,
485 825 591 895 ἔπειθ’
615 829 650 895 οἱ
665 830 792 894 τούτων
813 827 1045 915 ὑποδεέστεροι
1063 826 1133 894 κατ’
1165 853 1180 894 ι

125 935 218 1019 άμφω
242 942 357 1019 ταῦτα,
380 940 562 1001 τελευταῖοι
581 933 611 1000 δ’
635 935 670 1000 οί
690 937 848 1002 νεώτατοι
870 939 973 1019 λόγον
996 931 1057 1019 μέν
1081 935 1138 1001 οὐ-

124 1038 205 1106 δένα
227 1038 394 1124 λέγοντες·
419 1043 465 1107 ἔτι
485 1043 547 1129 γάρ
566 1037 609 1126 ἠν
630 1038 677 1107 δι’
701 1043 858 1128 αἰσχύνης
880 1046 953 1108 τότε
966 1039 1139 1126 Ῥωμαίοις

123 1157 233 1230 τοῦτο,
260 1146 316 1213 καὶ
339 1145 415 1224 νέος
437 1146 549 1224 οὐδεὶς
576 1147 671 1232 ἠξίου
695 1145 814 1214 ἑαυτὸν
837 1149 1029 1233 σοφώτερον
1052 1143 1138 1213 εἶναι

123 1255 321 1339 πρεσβύτου·
350 1253 533 1339 ἐπεκύρουν
557 1251 594 1320 δὲ
616 1255 674 1331 τὰς
700 1251 853 1338 κειμένας
874 1253 940 1319 ὑπὸ
963 1265 1030 1319 τῶν
1053 1253 1137 1319 ὑπα-

123 1371 218 1426 τικῶν
241 1361 386 1446 γνώμας.
431 1363 533 1426 δπασι
557 1358 594 1426 δὲ
616 1361 851 1447 προσετάττετο
873 1369 1032 1445 παριοῦσι
1054 1366 1137 1424 καθ-

124 1468 201 1553 άπερ
220 1466 258 1534 ἐν
284 1469 483 1557 δικαστηρίῳ
508 1464 583 1552 μεθ’
608 1467 710 1554 ὅρκου
735 1469 797 1551 τήν
821 1477 936 1552 ψῆφον
960 1463 1137 1550 ἐπιφέρειν.

116 1570 250 1652 ’Ἄππιος
269 1570 332 1658 μέν
350 1568 413 1639 οὖν
427 1575 607 1656 Κλαύδιος,
624 1570 708 1660 ὑπὲρ
728 1569 769 1639 οὗ
787 1571 842 1638 καὶ
860 1576 1022 1658 πρότερον
1041 1575 1137 1657 ἔφην,

124 1679 171 1744 ὅτι
187 1682 453 1765 μισοδημότατος
469 1675 513 1765 ἠν
531 1692 599 1745 τῶν
616 1683 800 1762 πατρικίων
817 1681 873 1744 καί
892 1676 1050 1745 οὐδέποτε
1067 1691 1138 1756 ταῖς

122 1788 199 1871 πρὸς
220 1789 258 1853 τὸ
285 1789 464 1871 δημοτικὸν
487 1784 642 1872 ἠρέσκετο
666 1788 869 1870 διαλλαγαῖς,
893 1785 954 1851 οὐκ
976 1791 1028 1850 εία
1047 1783 1138 1868 γενέ-

123 1899 199 1958 σθαι
221 1897 260 1961 τὸ
280 1895 519 1979 ’προβούλευμα
541 1894 705 1970 τοιούτοις
728 1896 840 1976 λόγοις
862 1893 1039 1978 χρώμενος.
1150 1918 1177 1960 ιι

183 1997 401 2066 XXXXVIII.
430 1998 638 2085 Ἐβουλόμην
662 1997 766 2085 <μὲυ>
789 1999 832 2065 δν
859 2001 961 2082 ἔγωγε
990 1995 1046 2063 καὶ
1068 2008 1137 2074 τοῖς

123 2110 210 2184 θεοῖς
236 2105 390 2191 ηὐξάμην
417 2106 575 2184 πολλάκις
605 2105 748 2191 ἐμαυτὸν
771 2102 832 2191 μὲν
855 2104 1013 2190 ἁμαρτεῖν
1037 2105 1137 2188 <τής>

123 2214 265 2297 γνώμης,
294 2211 337 2296 ἠν
365 2207 456 2297 εἶχον
484 2209 568 2299 ὑπὲρ
596 2224 663 2280 τῶν
690 2215 773 2299 πρὸς
799 2214 858 2278 τὸν
886 2212 994 2294 δῆμον
1022 2211 1137 2276 διαλύ-

123 2334 219 2402 σεων,
250 2320 295 2396 ώς
324 2319 400 2385 οὔτε
429 2320 534 2403 καλήν
557 2317 612 2384 καὶ
640 2321 773 2386 δικαίαν
797 2319 874 2386 οὔτε
897 2316 1136 2404 συμφέρουσαν

122 2422 195 2508 ἡμῖν
213 2426 453 2509 ὑπελάμβανον
471 2428 608 2492 ἔσεσθαι
631 2428 693 2511 τήν
711 2437 779 2492 τῶν
798 2425 961 2511 φυγάδων
983 2426 1134 2493 κάθοδον
1148 2451 1189 2491 ιο·

68 2529 171 2596 ulmal
194 2533 251 2598 διά
274 2534 409 2615 παντός,
433 2531 545 2609 ὁσάκις
562 2530 638 2619 περὶ
658 2532 779 2598 τούτου
796 2531 966 2619 προύτέθη
986 2543 1135 2614 σκοπεῖν,

123 2641 245 2722 πρῶτός
268 2661 304 2704 τε
327 2649 394 2704 τῶν
416 2639 528 2704 ἄλλων
551 2637 606 2704 καὶ
634 2643 796 2705 τελευτῶν
819 2643 936 2723 μόνος,
964 2637 1077 2720 ἐπειδη
1102 2637 1139 2701 οί

123 2742 228 2810 λοιποί
259 2741 466 2827 ἀπέστησαν,
496 2745 735 2831 ἠναντιούμην·
768 2745 853 2829 ὑμᾶς
883 2742 929 2828 δ’,
959 2738 985 2808 ὦ
1016 2744 1134 2826 βουλή,

123 2851 194 2926 τοὺς
212 2847 266 2915 ἐπὶ
285 2850 325 2914 τδι
343 2854 479 2935 κρείττω
497 2852 559 2935 τήν
579 2851 696 2918 ἐλπίδα
714 2852 945 2936 λαμβάνοντας
958 2847 1013 2915 καὶ
1027 2849 1134 2916 πάντα

1151 1331 1178 1446 λ

189 3006 410 3132 δτιρεηβύτατοι
430 3008 480 3062 καὶ
499 3002 672 3078 ἐντιμότατοι
690 3016 745 3063 τῶν
769 3026 792 3064 ο.
812 3005 944 3062 Gelenius
1036 3014 1051 3061 9
1071 3001 1134 3061 έπε-

123 3074 221 3200 ιὲιζρουν
241 3077 263 3131 Ο
299 3087 484 3169 πικυροῶντες
502 3097 525 3160 ο.
544 3079 670 3162 Reiske·
704 3085 737 3133 10
755 3087 877 3149 παροῦσι
895 3078 917 3132 Ο
937 3083 1002 3170 τοῖςἢ
1012 3086 1135 3149 παροῦσι

126 3147 382 3301 οιὶῗῗῖἷῖἓλλλ
402 3149 619 3276 33⁶&AEss
636 3149 828 3291 λλῗείῗώῗ
843 3156 956 3290 188211?
972 3170 1025 3277 ίὲί
1045 3149 1135 3275 θώίί

125 3294 168 3356 της
185 3291 249 3344 add.
270 3289 415 3360 Klesshng
505 3298 538 3346 19
558 3290 606 3363 ὣς]
626 3289 656 3354 ὃς
673 3291 818 3347 Μουῖτοετ
836 3293 854 3346 l.
873 3293 902 3362 1.‚
922 3293 1011 3348 Cobet
1029 3293 1084 3350 del.
1104 3293 1134 3346 οῖ

124 3361 219 3425 postea
237 3379 263 3417 v.
284 3367 319 3416 20
338 3362 544 3488 &uolupffidvoev
563 3362 663 3418 scribit
735 3369 769 3417 20
787 3363 854 3434 ἡμῖν
873 3365 899 3418 A
917 3366 982 3434 ύμῖν
1002 3366 1027 3418 R
1098 3369 1132 3417 21

126 3425 215 3554 πέζις
233 3431 271 3486 δυ
287 3431 309 3486 O
328 3436 440 3502 praeter
493 3432 709 3504 ΙπροσετέῶηΒ
758 3441 793 3489 ῖ3
812 3437 884 3505 όμιῖς
902 3455 932 3490 τε
951 3435 973 3489 0
993 3452 1061 3490 corr.
1081 3433 1133 3489 Ca-

191 3519 261 3556 onus
