2656 3974
449 232 720 290 ...Θ-

127 403 161 468 εί
190 403 264 466 τότε
296 401 332 467 οί
361 396 528 487 Τυρρηνοὶ
559 410 627 465 τῶν
654 398 691 466 ἐκ
718 410 777 466 τοῦ
805 400 948 485 χάρακος
975 400 1146 485 ὠφελειῶν

126 509 343 593 ὑπεριδόντες
379 505 415 572 ἐκ
447 507 550 583 ποδὸς
581 517 650 584 τοῖς
680 507 866 591 φεύγουσιν
898 507 1146 592 ἠκολούθησαν,

128 611 228 680 ἅπασ’
255 613 298 680 ἀν
321 611 507 700 διέφθαρτο
529 611 550 696 ἡ
575 614 799 699 στρατεύσασα
823 609 872 679 ἐπ’
900 611 1022 690 αὐτούς
1044 614 1146 679 δύνα-

128 746 200 806 μις,
226 729 292 786 νῦν
320 716 358 786 δέ
384 723 468 808 πρὸς
495 719 643 806 ἁρπαγάς
670 743 704 786 τε
728 730 795 786 τῶν
818 717 1147 804 ἐγκαταλειφθέντων

52 827 168 901 1809ἐν
196 837 242 915 τῷ
273 827 392 914 χάρακι
421 829 622 914 τραπόμενοι
652 824 707 893 καὶ
735 826 919 893 ἀναπαύσει
946 828 986 892 τδι
1013 826 1147 910 σώματα
1174 849 1187 890 ε

130 935 246 1011 δόντες
273 933 418 1018 μεγάλου
444 932 633 1019 αὐχήματος
655 929 794 1011 ἑαυτοὺς
815 931 1004 1020 ἐστέρησαν.
1050 942 1089 1019 τῇ
1113 928 1143 998 δ’

131 1038 204 1124 ἑξῆς
230 1037 338 1127 ἡμέρᾳ
365 1041 422 1117 τὰς
447 1040 606 1125 δυνάμεις
628 1041 764 1124 άγοντες
787 1037 840 1105 ἐπὶ
863 1041 924 1124 την
942 1037 1071 1126 Ῥώμην
1093 1037 1149 1106 καὶ

131 1148 289 1224 σταδίους
311 1143 396 1232 ἀμφὶ
418 1149 496 1224 τοὺς
520 1145 692 1213 ἑκκαίδεκα
714 1145 915 1233 ἀποσχόντες
938 1150 1027 1234 ὄρος,
1049 1146 1083 1226 ἐξ
1107 1143 1149 1214 οὗ

131 1254 295 1330 σύνοπτός
334 1252 425 1318 ἐστιν
456 1253 477 1338 ἡ
505 1251 630 1339 Ῥώμη,
666 1256 705 1320 τὸ
736 1255 945 1337 καλούμενον
975 1251 1149 1338 Ἰάνικλον,

130 1356 453 1444 καταλαμβάνονται,
472 1359 556 1426 ὅθεν
574 1361 761 1447 ὁρμώμενοι
780 1360 841 1444 την
853 1356 1024 1443 Ῥωμαίων
1037 1360 1150 1446 χώραν
1164 1385 1190 1424 ιο

130 1462 216 1551 ἦγόν
240 1489 275 1532 τε
298 1465 353 1532 καὶ
376 1470 497 1555 έφερον
520 1467 685 1534 ἀκώλυτοι
707 1469 790 1533 κατὰ
812 1469 940 1552 πολλὴν
963 1477 1031 1532 τών
1049 1468 1149 1532 ἐνδον

130 1573 336 1660 ὑπεροψίαν,
369 1571 464 1661 μέχρι
492 1584 553 1641 τοῦ
580 1571 828 1660 παραγενέσθαι
854 1576 913 1640 τὸν
941 1572 1056 1660 ἕτερον
1083 1584 1150 1640 τῶν

131 1678 270 1746 ὑπάτων
289 1677 443 1768 Ὁράτιον
467 1682 590 1765 ἀγοντα
613 1683 675 1766 την
693 1680 730 1747 ἐν
751 1682 978 1758 Οὐολούσκοις
997 1682 1149 1765 δύναμιν.

132 1792 206 1856 τότε
235 1788 277 1872 δη
301 1779 338 1854 ἐν
360 1796 407 1874 τῷ
429 1785 574 1872 ἀσφαλεῖ
589 1783 743 1872 Ῥωμαῖοι
766 1792 962 1874 νομίσαντες
984 1784 1073 1854 εἶναι
1095 1785 1149 1852 καὶ
1169 1793 1191 1857 4

133 1896 195 1980 την
224 1893 262 1958 ἐν
288 1901 327 1978 τῇ
355 1896 451 1960 πόλει
479 1896 618 1978 νεότητα
644 1899 910 1973 καθοπλίσαντες
937 1893 1081 1980 ἐξῆλθον
1104 1895 1152 1971 είς
1166 1914 1192 1956 ιε

133 2003 195 2087 τὴν
217 2001 398 2086 ὕπαιθρον.
435 2000 481 2077 ώς
504 1996 542 2065 δέ
564 2002 626 2084 τήν
648 2023 683 2066 τε
707 2003 842 2088 πρώτην
864 1999 974 2088 μάχην
992 2000 1057 2067 ἀπὸ
1076 2018 1151 2066 στα-

136 2110 219 2174 δίων
247 2106 333 2173 ὀκτὼ
360 2115 417 2190 τῆς
443 2109 571 2184 πόλεως
592 2108 810 2192 ποιησάμενοι
833 2109 922 2193 παρά
945 2110 982 2174 τὸ
1005 2117 1063 2193 τῆς
1082 2104 1152 2173 Ἐλ-

134 2217 233 2291 τιίδος
257 2214 347 2299 ίερδν
371 2211 528 2298 ἐνίκησάν
549 2236 584 2279 τε
603 2213 658 2280 καὶ
676 2213 868 2281 ἀπεώσαντο
886 2218 965 2292 τοὺς
982 2212 1153 2292 ἀντιταξα-

136 2321 269 2406 μένους,
292 2317 347 2386 καί
370 2320 451 2404 μετά
473 2321 597 2404 ταύτην
619 2315 720 2399 αὖθις
743 2318 837 2409 ἑτέρᾳ
859 2323 989 2387 πλείονι
1013 2321 1153 2406 δυνάμει

136 2439 203 2493 τῶν
232 2430 417 2515 Τυρρηνῶν
445 2426 660 2495 ἐπελθόντων
685 2428 775 2512 παρὰ
799 2438 872 2505 ταῖς
894 2429 1075 2506 Κολλίναις
1097 2451 1154 2494 κα-
1169 2452 1194 2490 ιο

137 2531 316 2619 λουμέναις
340 2534 461 2611 πύλαις
486 2533 729 2618 [ποιησάμενοι]
755 2538 912 2619 λαμπρῶς
934 2535 1154 2618 ἠγωνίσαντο,

139 2639 221 2723 [καὶ]
247 2629 455 2706 ἀνέπνευσαν
478 2639 515 2706 ἐκ
537 2624 598 2706 τοῦ
621 2636 729 2723 δέους,
751 2638 807 2706 καὶ
830 2642 868 2706 τὸ
887 2643 959 2718 ἔτος
976 2638 1065 2707 τοῦτ’
1087 2639 1154 2706 ἐτε-

138 2750 248 2816 λεύτα.

70 2874 138 2926 1810
207 2853 310 2920 XXV.
352 2857 404 2943 Τςό
433 2851 464 2920 δ’
491 2851 565 2938 ἑξῆς
588 2855 652 2919 ἔτει
674 2851 751 2940 περὶ
773 2855 832 2931 τάς
854 2855 993 2940 θερινὰς
1015 2853 1156 2939 μάλιστα

212 3089 230 3138 4
249 3077 502 3152 ἐγκαταληφθέντα
521 3099 544 3137 ο.
565 3081 693 3138 ΗοῐάΙθίω
711 3081 829 3138 Hermes
847 3082 873 3136 X
891 3087 956 3148 4183
975 3081 1010 3136 of.
1026 3080 1065 3135 VI
1079 3087 1122 3150 92,
1140 3088 1156 3136 θ

140 3155 191 3210 ubi
209 3153 285 3208 male
305 3156 417 3209 secutus
436 3171 498 3208 sum
517 3153 699 3223 Sylburgium
779 3161 795 3208 6
814 3172 884 3224 μετα
898 3172 955 3235 τοο.
970 3151 1021 3234 χή.
1046 3171 1093 3216 τος
1110 3151 1158 3206 Ba

140 3247 160 3298 ‘⁸
161 3224 689 3360 ⁶⁷ss⁰3a5⁶52⁵35222253w⁰²331
709 3223 852 3350 {W
847 3244 899 3352 1²8⁶
920 3223 1001 3351 {¹2⁸5
1020 3241 1070 3350 ,¹252
1093 3231 1158 3364 ’,ιῖ

139 3314 191 3423 ἀθδ
253 3373 287 3422 14
304 3367 367 3424 τότε
385 3366 417 3423 δὲ
437 3367 473 3438 δὴ
492 3385 516 3423 ο.
535 3317 639 3424 Βόίιεο
699 3372 732 3423 17
751 3366 817 3438 περὶ
835 3385 859 3424 ο.
878 3316 947 3422 δόλιὶ
999 3367 1044 3421 ter
1061 3315 1156 3421 Κδοεε-

141 3440 203 3509 ling
286 3443 318 3494 19
338 3433 420 3510 ἕτέρα
438 3437 488 3494 Ao
508 3433 633 3513 ἐτέρ<α>
651 3440 674 3494 Β
694 3432 793 3510 έτέραν
811 3438 837 3492 R
918 3444 950 3493 21
970 3437 1158 3509 ποιησάμενοι

142 3510 197 3566 del.
217 3509 342 3565 sintenis
359 3510 420 3566 Em.
439 3510 521 3566 Dion.
540 3511 627 3566 11128
700 3516 734 3566 22
759 3509 809 3566 καὶ
829 3510 883 3564 del.
903 3509 1026 3582 Sylburg
