2674 3978
543 245 705 294 -z-
1089 239 1133 306 τε

114 404 256 488 ὑστερον
270 404 476 490 χρησάμενος
488 406 613 488 νόμους
626 401 654 469 τ’
670 403 960 489 ἀπροβουλεύτως
974 403 1132 490 εἰσφέρει,

113 508 168 576 καί
188 511 331 587 τούτους
353 509 541 595 ἐπιψηφίζει
565 513 641 596 δίχα
658 519 716 595 τῆς
733 509 892 594 ὑμετέρας
914 513 1058 596 γνώμης,
1076 509 1132 577 καὶ

115 608 162 694 οἷς
183 616 228 682 δν
253 617 348 701 ὑμεῖς
368 616 525 702 ἐκφέρητε
545 618 708 701 δόγμασιν
727 616 769 682 οὑ
786 614 940 702 προσέχει
958 620 1018 683 τὸν
1036 627 1132 702 νοῦν,

113 721 165 788 καὶ
197 732 268 789 τῶν
296 722 433 788 ὑπάτων
464 722 509 800 ώς
540 723 602 789 οὐκ
633 724 748 809 ὀρθῶς
777 724 840 807 τὴν
871 726 971 789 πόλιν
1003 723 1133 809 ἐπιτρο-

54 833 286 896 1423τευόντων
318 832 511 915 κατηγόρει,
544 827 600 894 καὶ
629 841 699 906 τοῖς
728 829 921 915 ἐκβαίνουσι
954 831 1043 916 παρδ
1074 831 1133 907 τὰς
1159 849 1172 892 ι

113 935 273 1022 ὑμετέρας
300 939 485 1020 συνθήκας·
517 937 624 1002 πολλὰ
652 933 683 1001 δ’
711 935 817 1021 ἐστίν,
846 929 894 1001 ὧν
922 936 965 1002 οὑ
993 937 1133 1002 δύναται

113 1043 340 1128 στοχάσασθαι
350 1043 508 1128 λογισμός
522 1041 748 1128 ἀνθρώπινος·
763 1043 804 1108 οὑ
819 1044 880 1126 τὴν
893 1045 1008 1128 τύχην,
1021 1044 1132 1127 ὥσπερ

112 1147 222 1234 ἐχρῆν,
246 1149 333 1216 άλλδ
355 1151 416 1234 την
434 1149 598 1237 ὑμετέραν
616 1149 791 1235 ἐπιγράφει
809 1149 975 1234 διάνοιαν,
998 1148 1132 1235 ἐπιβου-

111 1363 169 1446 την
199 1361 401 1447 ἐλευθερίαν
431 1361 601 1448 ἀφέλησθε
632 1361 652 1446 ἣ
684 1372 742 1446 τῆς
770 1364 929 1446 πατρίδος
963 1361 1132 1446 ἐκβάλητε,
1146 1383 1173 1423 ιο

112 1467 208 1546 αὐτὸς
237 1465 291 1553 ἐφ’
323 1469 405 1553 ὑμίν
432 1478 535 1534 ταὺτα
562 1469 798 1554 μηχανώμενος
825 1467 985 1550 διατελεῖ,
1012 1465 1067 1532 καὶ
1094 1470 1132 1533 τὸ

112 1576 153 1658 μὴ
176 1581 305 1640 παθεῖν
329 1574 347 1640 ὃ
371 1573 557 1641 δεδοικέναι
580 1577 696 1659 φησίν,
721 1574 783 1640 οὐκ
805 1574 896 1663 άλλφ
919 1571 985 1638 τινὶ
1008 1576 1132 1658 φυλατ-

112 1685 250 1766 τόμενος
281 1683 383 1766 δῆλός
405 1681 510 1764 ἐστιν,
538 1680 627 1770 ἢτῷ
651 1682 772 1766 δρᾶσαι
794 1680 939 1766 φθάσας.
985 1679 1167 1764 ἐδόλωσεδ

112 1784 147 1852 δὲ
174 1798 278 1854 τοῦτο
300 1787 460 1865 πολλάκις
482 1783 544 1874 μὲν
566 1785 807 1874 καὶπρότερον
830 1785 886 1852 καὶ
916 1784 969 1852 ἐπί
997 1790 1132 1852 πολλῶν

113 1888 158 1958 ὧν
179 1893 372 1981 ἐξείργομαι
395 1901 587 1980 μεμνῆσθαι
610 1895 692 1959 κατὰ
715 1896 752 1960 τὸ
775 1895 900 1978 παρόν,
927 1893 1069 1977 μάλιστα
1092 1888 1131 1957 δέ
1144 1911 1170 1954 ιι

112 2001 270 2086 Μάρκιον
288 1998 423 2066 τουτονὶ
441 2002 501 2066 τὸν
519 2002 699 2085 φιλόπολιν
717 2001 837 2084 ἄνδρα,
859 1999 936 2064 οὔτε
953 2001 1131 2083 προγόνων

113 2105 251 2190 ἀφανῶν
280 2108 360 2172 ὄντα
391 2103 460 2173 οὔτ’
492 2105 594 2171 αὑτὸν
627 2103 726 2190 ἀρετῇ
759 2107 956 2188 λειπόμενον
989 2104 1132 2182 οὐθενὸς

113 2212 219 2297 ὑμῶν,
255 2213 487 2297 αἰτιασάμενος
519 2211 748 2295 ἐπιβουλεύειν
778 2209 867 2299 αὐτῷ
896 2207 951 2274 καὶ
983 2211 1132 2296 πονηρὰς

114 2317 239 2385 ἐνθάδε
256 2321 389 2403 γνώμας
407 2317 528 2402 λέγειν,
548 2319 685 2402 άκριτον
704 2316 913 2403 ἐπεχείρησεν
931 2314 1129 2382 ἀποκτείναι.

59 2423 164 2490 1424καὶ
187 2429 219 2492 εί
241 2427 289 2511 μὴ
313 2427 426 2491 δεινδν
448 2422 652 2510 ἡγησάμενοι
674 2427 712 2490 τὸ
734 2432 869 2509 πρᾶγμα
892 2423 928 2488 οἵ
947 2417 984 2487 θ’
1009 2405 1171 2520 ὑπατοιὲ0

114 2530 164 2596 καὶ
186 2533 286 2618 ὑμῶν
309 2532 345 2597 οί
364 2532 404 2597 τὰ
426 2534 562 2618 κρείττω
586 2539 791 2615 φρονοῦντες
809 2529 1055 2617 συνεστράφητε
1074 2528 1130 2596 καί

115 2637 171 2720 τὴν
192 2641 408 2723 παρανομίαν
427 2636 581 2723 ἐπέσχετε
596 2637 718 2721 αὑτῶν,
741 2637 778 2702 ἐν
796 2646 856 2725 μιᾷ
873 2645 912 2722 τῇ
931 2639 1005 2702 τότε
1024 2636 1131 2724 ἡμέρᾳ

113 2741 204 2810 πάντ’
243 2743 288 2810 δν
320 2741 527 2831 άφηρέθητε,
559 2744 621 2809 ὅσα
654 2743 690 2810 οἱ
717 2741 856 2830 πατέρες
887 2737 924 2807 θ’
953 2742 1035 2826 ὑμίν
1064 2745 1130 2808 σὺν

114 2855 249 2929 πολλοῖς
274 2851 473 2935 κτησάμενοι
500 2853 616 2948 πόνοις
642 2847 818 2917 κατέλιπον
840 2847 895 2914 καὶ
919 2847 1014 2915 αὐτοὶ
1036 2848 1130 2934 ὑμεῖς

115 2955 173 3022 οὑκ
201 2957 359 3034 ἐλάττους
392 2955 524 3041 ἀγῶνας
552 2955 690 3022 ἐκείνων
720 2955 923 3032 ὑποστάντες
952 2957 1060 3041 ἔχετε,
1090 2959 1128 3023 τὸ
1143 2972 1170 3015 ετ

116 3059 254 3149 ἀξίωμα,
282 3064 342 3148 την
370 3063 568 3148 ἡγεμονίαν,
595 3064 657 3147 τὴν
685 3063 894 3148 ἐλευθερίαν·
927 3062 963 3126 οί
988 3057 1025 3127 δὲ
1055 3085 1130 3146 γεν-

183 3297 199 3344 3
214 3285 302 3360 ἐκφερ
317 3308 365 3359 ητε
379 3321 413 3332 -
427 3289 492 3362 τὴν]
507 3289 589 3345 πόλιν
603 3289 627 3344 Ο
642 3291 755 3359 praeter
768 3290 794 3344 A
809 3289 874 3347 add.
889 3293 969 3359 Amg
1023 3297 1039 3344 8
1055 3289 1128 3360 ἔφην

118 3357 138 3412 0
157 3354 240 3431 ἐχρῆν
259 3377 282 3416 ο,
323 3360 426 3415 intenis
445 3361 506 3416 Em.
525 3360 606 3417 Dion.
626 3361 666 3415 ΙΙΙ
681 3367 714 3416 22
808 3367 839 3416 12
860 3359 888 3486 ig
908 3360 927 3415 θ
948 3378 968 3414 ο,
984 3359 1129 3431 Kiessling

120 3435 149 3484 16
162 3431 352 3502 φιλοπόλεμον
371 3431 394 3486 Ο
413 3449 483 3487 corr.
503 3431 627 3502 Sylburg
699 3439 733 3486 23
752 3431 846 3488 πάντα
911 3431 1017 3494 πάντες
1034 3433 1128 3487 Κίοεε-

119 3497 176 3570 ling
195 3503 199 3576 λ
220 3499 250 3558 of
267 3519 320 3560 om.
340 3503 394 3556 AB
414 3520 451 3557 an
469 3501 514 3558 ὑπ’
535 3501 580 3557 os?
653 3509 687 3558 25
708 3501 799 3574 ἔσχετε
819 3523 842 3558 ο.
862 3502 985 3572 Sylburg
