2660 3976
165 221 229 285 116
589 225 750 273 -Ζ-

129 382 219 450 9καδ
251 378 352 461 αὖθις
383 383 497 474 ἕτερον
529 383 610 468 <ἐν>
644 383 727 470 αὐτῆ
757 381 865 468 λέγων
897 385 1183 469 διακεκοσμῆσθαι

164 492 332 577 Κρητικὸν
351 489 477 576 ῆιθέων
501 514 535 556 τε
558 488 614 556 καὶ
631 487 811 576 παρθένων
829 492 932 577 χορὸν
950 485 1016 557 ὧδε
1034 497 1182 577 εἴρηκεν·

228 610 282 681 Ἐν
306 611 344 681 δὲ
366 617 469 701 χορὸν
491 618 639 680 ποίκιλλε
662 616 856 700 περικλυτὸς
879 614 1088 700 ἀμφιγυήεις,

236 727 289 811 Τῷ
314 726 425 787 ίκελον
448 713 521 788 οἷόν
544 717 617 787 ποτ’
644 720 696 787 ε’νὶ
718 722 869 809 Κνωσσῷ
893 721 1005 808 εὐρείῃ
1185 740 1260 789 1490

137 849 150 891 ε
231 831 401 906 Δαίδαλος
422 830 566 912 ἤσκησεν
589 829 842 917 καλλιπλοκάμῳ
862 826 1028 915 Ἀριάδνη.

221 934 332 1000 Ἔνθα
355 931 416 1018 μὲν
439 934 551 1018 ῆίθεοι
574 933 630 1000 καὶ
652 933 817 1020 παρθένοι
839 934 1050 1020 ἀλφεσίβοιαι

227 1035 395 1126 Ὠρχεῦντ’
421 1039 575 1124 άλλῆλων
599 1039 653 1106 ἐπὶ
675 1050 789 1129 καρπῷ
812 1053 925 1127 χεῖρας
948 1044 1092 1128 ἐχουσαι.

163 1169 291 1251 κόσμον
314 1161 343 1231 τ’
371 1164 474 1232 αὐτοῦ
497 1164 748 1250 ἀφηγούμενος,
774 1165 831 1231 λνα
859 1168 962 1251 δῆλον
985 1167 1066 1252 ῆμλν
1087 1171 1185 1253 πονή-

165 1291 271 1357 σειεν,
299 1272 349 1336 ότι
377 1271 397 1354 ῆ
420 1282 488 1338 τῶν
515 1269 667 1357 ἀρρένων
691 1273 820 1356 κίνησις
843 1271 996 1349 ἐνόπλιος
1017 1268 1077 1357 ῆν,
1104 1274 1184 1339 τάδε

125 1399 150 1440 ιο
164 1378 268 1464 λέγει·
631 1442 637 1452 ,
753 1373 757 1379 “
963 1366 967 1372 ’

232 1488 303 1550 Καί
319 1483 352 1571 ῤ’
371 1485 409 1550 αί
423 1480 485 1569 μὲν
503 1486 606 1561 καλὰς
625 1484 789 1570 στεφάνας
807 1487 896 1570 ἔχον,
915 1487 950 1551 οί
967 1483 1004 1551 δὲ
1022 1490 1187 1573 μαχαίρας

230 1588 335 1677 Είχον
358 1595 513 1677 χρυσείας
535 1590 569 1670 ἐξ
593 1589 767 1677 ἀργυρέων
790 1593 999 1677 τελαμώνων.

165 1716 330 1802 ἡγεμόνας
347 1740 382 1782 τε
405 1724 462 1800 τῆς
485 1716 651 1802 ὀρχῆσεως
673 1715 784 1781 αὐτῶν
802 1718 880 1792 τοὺς
898 1714 1094 1795 ἐνδιδόντας
1112 1729 1186 1796 τοῖς

165 1823 279 1900 άλλοις
305 1822 360 1887 καὶ
383 1821 715 1909 προκαταρχομένους
742 1822 885 1906 είσάγων
907 1823 1020 1902 τοιάδε
1048 1825 1185 1909 γράφει·

126 1967 152 2008 15
233 1951 366 2025 Πολλὸς
390 1945 420 2013 δ’
447 1948 620 2034 ἱμερόεντα
644 1944 746 2033 χορὸν
768 1945 955 2033 περιίσταθ’
984 1948 1099 2032 ὅμιλος

238 2058 455 2140 Τερπόμενοι·
480 2055 561 2120 δοιὼ
586 2049 624 2119 δὲ
647 2057 864 2139 κυβιστητῆρε
888 2051 958 2119 κατ’
986 2055 1107 2133 αὐτοὺς

233 2163 376 2245 Μολπῆς
399 2159 590 2246 ἐξάρχοντες
613 2159 765 2225 ἐδίνευον
788 2161 870 2225 κατὰ
893 2157 1045 2244 μέσσους.
1328 2159 1329 2198 ¹

114 2283 208 2354 1Οού
240 2287 345 2368 μόνον
378 2281 409 2348 δ’
442 2282 478 2348 ἐκ
509 2293 566 2368 τῆς
597 2283 781 2366 ἐναγωνίου
811 2307 845 2349 τε
875 2282 931 2349 καλ
959 2259 1211 2351 κατεσπουδα-’

166 2388 289 2475 σμέυης
317 2390 482 2476 ὀρχῆσεως
509 2401 576 2455 τῶν
604 2401 730 2476 χορῶν,
757 2384 779 2476 ᾖ
807 2392 895 2476 παρὰ
917 2387 976 2468 τάς
997 2391 1187 2476 θυηπολίας

125 2520 151 2559 εο
165 2520 199 2561 τε
226 2494 283 2561 καὶ
310 2497 441 2582 πομπάς
468 2495 614 2582 ἐχρῶντο
632 2494 802 2581 Ῥωμαῖοι,
828 2499 866 2563 τὸ
890 2493 1048 2581 συγγενές
1069 2499 1112 2564 άν
1135 2523 1188 2578 τις

164 2603 275 2670 αὐτῶν
302 2605 340 2669 τὸ
368 2606 450 2689 πρὸς
477 2606 555 2681 τοὺς
574 2601 739 2688 Ἕλληνας
766 2605 849 2688 ίδοι,
877 2601 1038 2670 ἀλλὰκαὶ
1068 2603 1105 2670 ἐκ
1127 2614 1259 2689 τῆς1491

164 2704 327 2797 κερτόμου
354 2707 409 2775 καλ
436 2716 650 2794 τωθαστικῆς.
698 2710 779 2794 μετὰ
809 2711 872 2796 γάρ
902 2714 981 2788 τοὺς
1009 2710 1188 2790 ἐνοπλίους

128 2891 131 2898 ,
164 2818 286 2902 χοροὺς
306 2816 341 2880 οί
360 2825 428 2880 τῶν
447 2799 655 2901 σατυριστῶν
674 2813 860 2898 ἐπόμπευον
881 2814 977 2902 ’χοροὶ
995 2818 1056 2901 τῆν
1069 2815 1188 2902 Ἑλλη-

165 2923 263 3007 νικῆν
286 2921 543 3007 εἰδοφοροῦντες
566 2925 719 2986 σίκιννιν.
765 2920 879 2987 σκευαὶ
905 2920 936 2987 δ’
964 2924 1077 3002 αὐτοῖς
1098 2920 1187 3009 ῆσαν

72 3077 79 3092 .
125 3053 152 3094 οε
166 3041 235 3105 τοῖς
264 3025 324 3114 μὲν
352 3031 400 3105 είς
429 3030 598 3112 Σιληνοὺς
628 3029 811 3093 εἰκασθεῖσι
842 3027 1009 3113 μαλλωτοὶ
1038 3040 1187 3116 χιτῶνες,
1325 3027 1326 3044 ’

165 3135 226 3230 οὓς
248 3137 333 3200 ἔνιοι
352 3139 527 3222 χορταίους
544 3140 696 3220 καλοῦσι’,
718 3133 774 3200 καὶ
791 3139 987 3221 περιβόλαια
1008 3135 1045 3201 ἐκ
1061 3140 1188 3216 παντὸς

241 3339 307 3399 Ιέν
327 3345 391 3399 add.
410 3344 515 3400 Reiske
600 3345 773 3415 4εόρείΒ
856 3344 995 3416 ὃῆσκησε
1014 3348 1067 3402 ΑΒ
1152 3353 1187 3404 14

166 3415 465 3487 προκατορχουμένους
483 3416 506 3469 Β
522 3418 527 3486 Ι
543 3415 619 3486 άγων
633 3418 685 3495 ΑΒ
704 3365 823 3486 εέσάγων
838 3416 961 3486 Sylburg
980 3415 1067 3488 λέγων
1081 3418 1187 3476 Reiske

169 3494 202 3542 17
220 3488 324 3557 μεοοθς
342 3487 394 3541 ΑΒ
466 3494 501 3542 22
519 3487 569 3541 καί
587 3487 832 3560 τωββββθαοτικῆς
844 3490 870 3543 Α
