2674 3978
455 227 457 231 ,
571 249 733 298 *Z*
1140 244 1159 308 9

140 409 312 494 ἐπισήμων
339 407 395 474 καλ
422 412 526 492 λόγου
554 407 656 488 ἀξίων
684 405 807 474 ούδένα
834 405 1060 493 κατέγραψαν,
1092 407 1160 473 ἐπι-

139 515 293 594 λίξαντες
325 513 363 581 δέ
394 519 473 592 τοὺς
504 515 737 602 ἀπορωτάτους
769 536 803 578 τε
831 511 886 578 καὶ
915 515 1161 600 πονηροτάτους

139 635 210 691 τῶν
238 625 440 708 δημοτικῶν,
469 621 502 701 ἐξ
531 617 580 688 ὧν
602 621 657 687 άεί
676 644 769 699 τινας
791 620 988 686 ὑπώπτευον
1011 644 1161 706 νεωτερι-

141 730 264 814 σμούς,
292 729 328 795 ἐκ
356 730 484 796 τούτων
510 732 770 814 συνεπλήρωσαν
793 729 852 794 τὸν
874 725 1073 793 ἀπόστολον·
1105 725 1160 793 καὶ

141 846 226 912 ναῦς
256 833 336 901 δέκα
363 836 505 912 παλαιάς
531 835 668 901 κάκιστα
695 834 859 910 πλεούσας
886 833 1162 915 καθελκύσαντες,
1188 854 1201 894 5

39 1000 41 1006 ,
142 937 191 1007 ὧν
220 941 459 1029 ἐτριηράρχουν
487 943 522 1008 οί
545 939 739 1007 πενέστατοι
762 943 940 1025 Κυμαίων,
968 941 1015 1017 είς
1042 941 1163 1017 ταύτας

140 1048 266 1125 αὐτοὺς
284 1049 482 1133 ἐνεβίβασαν
500 1048 650 1114 θάνατον
669 1046 916 1131 ἀπειλήσαντες,
939 1046 997 1112 ἐάν
1015 1070 1064 1124 τις
1083 1045 1162 1112 άπο-

142 1161 269 1240 λειφθῇ
293 1163 350 1238 τῆς
373 1159 551 1244 στρατείας.

74 1280 140 1329 1323
211 1261 270 1327 VI.
299 1259 334 1324 ‘O
359 1259 389 1326 δ’
413 1259 648 1348 Ἀριστόδημος
670 1270 831 1327 τοσοῦτον
855 1260 957 1326 εἰπὼν
980 1263 1096 1346 μόνον,
1119 1261 1164 1338 ὡς

143 1368 186 1434 ού
215 1366 359 1452 λέληθεν
386 1365 488 1433 αὐτὸν
516 1367 536 1451 ἡ
565 1368 697 1434 διάνοια
724 1378 791 1433 τῶν
819 1366 967 1453 ἐχθρῶν,
999 1368 1050 1434 ὅτι
1074 1371 1161 1456 λόγῳ
1177 1388 1202 1427 1⁰

143 1471 206 1559 μὲν
231 1472 284 1539 ἐπὶ
308 1477 497 1560 συμμαχίαν
521 1473 623 1540 αὐτὸν
646 1472 923 1556 ἀποστέλλουσιν,
947 1475 1032 1560 ἔργω
1057 1471 1086 1538 δ’
1115 1476 1163 1551 είς

143 1575 326 1664 προῦπτον,
345 1583 507 1670 ὄλεθρον,
535 1578 662 1667 δέχεται
690 1577 751 1665 μὲν
778 1583 839 1664 την
863 1583 1078 1665 στρατηγίαν,
1105 1579 1163 1644 ἀν-

144 1683 262 1771 αχθεὶς
282 1683 312 1750 δ’
330 1686 396 1769 ἅμα
415 1697 483 1762 τοῖς
502 1683 659 1773 πρέσβεσι
678 1696 744 1750 τῶν
759 1681 942 1772 Ἀρικηνῶν
961 1685 1017 1764 διδι
1036 1683 1162 1770 ταχέων

143 1790 200 1857 καὶ
218 1794 256 1858 τὸ
276 1791 396 1875 μεταξὺ
416 1790 557 1875 πέλαγος
573 1791 738 1869 ἐπιπόνως
750 1789 803 1856 καὶ
819 1793 1034 1869 κινδυνωδῶς
1048 1792 1163 1857 διανύ-

146 1917 205 1976 σας
220 1899 384 1984 ὁρμίζεται
402 1899 484 1964 κατὰ
499 1900 576 1975 τοὺς
590 1900 723 1981 ἐγγιστα
737 1907 794 1982 τῆς
804 1895 964 1984 Ἀρικείας
978 1899 1161 1981 αἰγιαλούς·
1177 1916 1202 1956 15

145 2003 201 2071 καὶ
227 2006 417 2071 καταλιπὼν
443 2004 483 2071 ’ἐν
510 2016 582 2082 ταῖς
605 2002 705 2070 ναυσὶ
728 2007 881 2090 φυλακὴν
904 2004 1103 2092 άποχρῶσαν
1126 2004 1163 2070 ἐν

146 2120 185 2196 τῇ
215 2113 328 2198 πρώτη
356 2108 450 2176 νυκτὶ
478 2112 539 2194 την
567 2109 630 2176 άπὸ
659 2101 830 2194 θαλάσσης
858 2112 939 2178 ὁδὸν
967 2112 1008 2177 ού
1035 2113 1163 2196 πολλὴν

148 2212 254 2284 οὖσαν
282 2218 442 2294 διανύσας
470 2216 676 2301 ἐπιφαίνεται
704 2229 772 2294 τοῖς
794 2215 977 2303 Ἀρικηνοῖς
1003 2216 1078 2305 περὶ
1105 2221 1163 2284 τὸν

148 2327 277 2411 όρθρον
299 2322 556 2409 ἀπροσδόκητος.
592 2321 795 2407 θίμενοςδὲ
815 2328 958 2408 πλησίον
976 2324 1086 2390 αὐτῶν
1105 2319 1200 2392 τὸν2

147 2432 274 2517 χάρακα
301 2429 356 2496 καὶ
383 2434 460 2508 τοὺς
485 2433 773 2515 καταπεφευγότας
800 2433 847 2508 είς
873 2431 913 2496 τά
938 2434 1027 2518 τείχη
1051 2436 1165 2510 πείσας
1178 2451 1205 2491 20

147 2543 328 2623 προελθεῖν
355 2539 403 2622 είς
429 2537 599 2623 ὕπαιθρον
626 2538 844 2625 προύκαλεῖτο
867 2541 945 2615 τοὺς
972 2543 1165 2626 Τυρρηνοὺς

148 2646 253 2723 εὐθὺς
274 2647 322 2722 είς
338 2645 461 2731 μάχην.
479 2628 481 2634 ¹
498 2643 681 2729 γενομένου
706 2643 736 2709 δ’
756 2643 791 2716 ἐκ
809 2644 1019 2731 παρατάξεως
1036 2646 1165 2728 άγῶνος

147 2760 309 2839 καρτεροῦ
338 2753 373 2818 οί
397 2748 459 2836 μὲν
478 2748 647 2838 Ἀρικηνοὶ
674 2754 802 2837 βραχὺν
826 2751 915 2817 πάνυ
939 2753 1165 2836 διαμείναντες

148 2862 273 2946 χρόνον
305 2857 477 2924 ἐνέκλιναν
510 2858 648 2943 άθρόοι,
679 2856 735 2923 καὶ
767 2862 892 2940 γίνεται
921 2859 1021 2922 πάλιν
1052 2859 1099 2933 είς
1126 2859 1164 2922 τὸ

147 2977 255 3052 τεῖχος
281 2964 392 3031 αὐτῶν
419 2969 522 3051 φυγή·
556 2965 574 3030 δ
601 2962 631 3030 δ’
654 2961 890 3051 Ἀριστόδημος
913 2966 977 3028 σὺν
999 2974 1068 3041 τοῖς
1089 2962 1165 3051 περὶ
1179 2979 1204 3022 25

84 3073 253 3138 εεεεαύτὸν
280 3073 398 3156 λογάσι
420 3075 583 3156 Κυμαίων
611 3071 736 3154 ὀλίγοις
763 3065 840 3137 οὖσι
867 3078 933 3136 πᾶν
960 3072 997 3136 τὸ
1022 3080 1083 3136 τοῦ
1106 3093 1165 3137 πο-

221 3236 237 3284 3
261 3227 511 3302 ὑπ<όι>πτεν<ο>ν
530 3229 552 3281 Β
609 3235 623 3283 7
643 3229 746 3291 αύτούς
765 3244 818 3282 om.
837 3227 862 3281 A
917 3234 933 3282 8
953 3225 1097 3298 στρατείας
1116 3223 1175 3282 Bo'

149 3309 281 3370 στρατιάς
296 3300 322 3352 R
373 3305 404 3354 15
421 3298 575 3370 ἈρικίαςΒ
626 3305 660 3352 16
680 3295 710 3354 ἐν
726 3300 747 3354 0
764 3295 811 3354 ἐπὶ
824 3298 968 3367 Kiessling
1018 3304 1050 3352 17
1070 3299 1165 3370 πρώτη

148 3373 200 3441 τὴν
219 3372 276 3426 ἀπὸ
295 3375 326 3426 θ.
342 3370 410 3426 δδδν
428 3371 509 3427 νυκτλ
528 3371 550 3426 Ο
565 3375 677 3440 praeter
693 3373 713 3424 B
768 3376 801 3423 22
820 3368 973 3440 γενομένου
988 3369 1015 3424 δ’
1029 3365 1060 3424 ἐκ
1074 3390 1166 3441 παρα-

149 3443 254 3509 τάξεως
277 3442 385 3511 ἀγῶνος
408 3443 433 3496 Α
452 3442 496 3498 ob
522 3439 675 3512 γενομένης
697 3440 729 3496 δὲ
748 3441 930 3513 παρατάξεως
948 3441 997 3496 καλ
1015 3442 1124 3511 ἀγῶνος
1141 3440 1167 3492 R

150 3513 410 3584 sedcf.11132‚3
430 3514 531 3584 (1340,
551 3516 579 3582 4)
674 3545 677 3551 ·
