2586 3972
201 231 268 295 224
624 233 792 282 -H-

167 397 188 462 2
202 393 348 478 οἰμωγάς
365 390 422 458 καὶ
440 395 605 469 λιτανείας
624 391 661 458 ἐν
675 390 791 457 οὐδενί
805 395 894 480 λόγῳ
911 394 1093 476 τιθέμενοι.
1124 388 1205 457 τοῦτ’

203 500 404 584 ἀγνοοῦντες
440 499 475 564 οί
503 495 680 582 Ῥωμαῖοι,
715 496 920 582 πεπυσμένοι
958 493 995 562 δὲ
1031 497 1120 583 παρὰ
1148 507 1211 562 τῶν

204 607 421 693 αἰχμαλώτων
452 607 634 692 πρότερον,
670 605 722 670 ὅτι
754 605 895 690 δύναμις
926 601 1089 690 Ἑρνίκων
1125 600 1212 688 ἑτέρα

203 711 319 797 μέλλοι
341 714 469 799 βοηθὸς
491 711 583 796 ἥξειν
605 723 675 789 τοῖς
698 711 887 798 σφετέροις,
915 710 972 777 καὶ
993 712 1056 796 την
1078 713 1161 796 βοήν
1181 733 1212 775 τε

178 818 260 885 ικαὶ
277 819 424 905 ταραχὴν
448 816 502 884 ἐπὶ
518 827 559 904 τῇ
583 817 720 884 ἐκείνων
742 817 854 904 ἀφίξει
877 815 1053 902 γεγονέναι
1070 820 1212 902 νομίζον-

205 949 273 1009 τες,
301 924 341 990 τά
363 919 392 989 τ’
419 925 505 990 ὅπλα
527 923 693 1009 ἀνέλαβον
715 922 770 990 καὶ
793 925 853 990 τὸν
876 925 1003 1010 χάρακα
1026 940 1213 1011 περιστεφα-

205 1033 382 1114 νώσαντες,
406 1033 450 1116 μή
473 1055 523 1108 τις
545 1033 668 1116 ἔφοδος
690 1030 804 1108 αὐτοῖς
827 1029 957 1115 γένοιτο
981 1032 1123 1119 νύκτωρ,
1147 1026 1213 1096 τοτὲ

205 1133 267 1222 μδν
290 1137 403 1203 ὅπλων
426 1139 552 1204 κτύπον
575 1137 713 1204 ἐποίουν
736 1136 870 1224 ἀθρόοι,
892 1133 966 1204 τοτὲ
990 1135 1019 1203 δ’
1044 1139 1153 1223 ὥσπερ
1173 1139 1265 1214 είςῶοε

206 1243 315 1330 μάχην
338 1243 527 1329 ὁρμώμενοι
548 1245 678 1329 θαμινά
697 1243 910 1328 ἐπηλάλαζον.
955 1255 1027 1324 τοῖς
1045 1242 1076 1310 δ’
1094 1243 1214 1331 Ἕρνιξι

167 1375 193 1415 ιο
206 1349 261 1416 καὶ
283 1360 386 1416 ταῦτα
410 1349 486 1426 δέος
508 1348 591 1434 μέγα
613 1361 761 1436 παρεῖχε,
783 1347 839 1416 καὶ
859 1351 904 1428 ὡς
923 1352 1123 1436 διωκόμενοι
1140 1353 1215 1437 πρὸς

206 1469 274 1524 τῶν
296 1459 466 1541 πολεμίων
484 1457 649 1543 σποράδες
666 1458 763 1525 άλλοι
779 1455 851 1523 κατ’
874 1459 976 1536 άλλας
994 1458 1096 1536 ὀδοὺς
1113 1461 1214 1524 ἔθεον.

172 1562 331 1649 3ἡμέρας
363 1559 400 1628 δέ
432 1561 629 1649 γενομένης,
662 1562 776 1649 ἐπειδη
809 1563 1015 1649 ἀπήγγειλαν
1047 1566 1158 1642 αὐτοῖς
1188 1562 1218 1630 οἱ

207 1669 417 1755 πεμφθέντες
443 1668 497 1735 ἐπὶ
524 1671 585 1755 την
607 1672 819 1754 κατασκοπὴν
843 1672 967 1755 ἱππεῖς,
994 1673 1039 1750 ῶς
1061 1673 1137 1738 ούτε
1162 1671 1215 1736 δύ·

207 1800 305 1860 ναμις
328 1772 423 1863 ἑτέρα
440 1773 561 1863 παρῄει
586 1779 757 1863 σύμμαχος
774 1789 845 1855 τοῖς
866 1782 1049 1863 πολεμίοις,
1072 1780 1159 1845 οἵτε
1180 1785 1213 1862 τῇ
1276 1761 1277 1802 ³

170 1907 194 1947 ιε
208 1881 353 1971 προτέρᾳ
384 1882 649 1969 παραταξάμενοι
682 1885 769 1971 μάχη
798 1886 1022 1970 πεφεύγασιν,
1055 1883 1213 1969 ἐξαγαγὼν

207 1991 270 2075 την
294 1990 440 2073 δύναμιν
463 1988 481 2055 ὁ
501 1988 672 2068 Ἀκύλλιος
693 1994 753 2057 τόν
772 2013 806 2057 τε
826 1993 954 2077 χάρακα
972 2002 1040 2056 τῶν
1058 1993 1214 2076 πολεμίων

209 2097 297 2182 αίρεῑ
313 2098 435 2181 μεστὸν
454 2097 534 2162 ὄντα
551 2097 742 2182 ὑποζυγίων
760 2121 795 2164 τε
813 2095 869 2164 καὶ
887 2099 1011 2184 άγορῶς
1027 2097 1084 2164 καὶ
1102 2098 1214 2177 ὅπλων,

209 2200 265 2267 καὶ
291 2206 369 2280 τοὺς
395 2208 596 2290 τραυματίας
623 2204 733 2271 αὐτῶν
761 2205 823 2272 ούκ
851 2205 1007 2282 ἐλάττους
1034 2207 1132 2283 ὄντας
1156 2215 1214 2269 τῶν
1275 2222 1276 2276 η

209 2304 425 2393 πεφευγότων
444 2311 615 2396 λαμβάνει,
634 2314 695 2395 την
713 2335 749 2377 τε
768 2313 870 2378 ἵππον
885 2310 1052 2396 ἐκπέμψας
1076 2310 1130 2378 ἐπὶ
1147 2313 1214 2386 τοὺς

171 2439 197 2479 εο
211 2413 472 2500 ἐσκεδασμένους
494 2416 558 2483 άνδ
580 2419 638 2494 τάς
661 2419 762 2496 ὁδούς
780 2441 814 2484 τε
837 2417 893 2484 καὶ
910 2419 969 2496 τδις
990 2419 1074 2496 ὕλας
1091 2423 1213 2485 πολλῶν

211 2524 337 2605 γίνεται
351 2525 514 2608 σωμάτων
528 2523 700 2610 ἐγκρατής·
714 2523 821 2592 καὶτὸ
836 2527 954 2591 λοιπὸν
963 2526 1033 2611 ,ἥδη
1048 2526 1109 2610 την
1118 2523 1212 2610 Ἑρνί-

210 2652 280 2694 κων
299 2638 363 2711 γῆν
381 2626 474 2715 ἐπῄει
493 2635 662 2713 λεηλατῶν
676 2629 792 2716 ἀδεῶς,
815 2632 955 2709 οὐδενὸς
973 2634 1021 2697 ἔτι
1040 2629 1212 2717 ὑπομένον·
1274 2643 1275 2666 ³

212 2759 267 2814 τος
289 2738 338 2812 είς
361 2747 473 2821 χεῖρας
496 2733 590 2802 ἰέναι.
636 2747 739 2803 ταῦτα
762 2734 1014 2822 μέν”Ακύλλιος
1037 2742 1180 2824 ἔδρασεν.

277 2839 411 2907 LXVII.
447 2839 484 2905 ‘0
512 2839 543 2908 δ’
571 2842 682 2930 ἕτερος
704 2855 772 2910 τῶν
794 2844 930 2910 ὑπάτων
958 2849 1058 2923 Τίτος
1081 2846 1262 2923 Σίκκιος,1665

171 2949 230 3015 εεὸ
253 2946 418 3033 πεμφθεὶς
440 2946 494 3014 έπδ
520 2949 771 3035 Οὐολούσκους,
799 2951 880 3016 ὅσον
902 2947 945 3036 ἣν
972 2948 1146 3038 κράτιστον
1166 2958 1214 3032 τηε

212 3043 385 3139 δυνάμεως
403 3054 502 3143 με’ρος
519 3055 698 3142 ἀναλαβὼν
716 3059 763 3135 είς
781 3058 843 3142 τὴν
863 3057 1098 3144 Οὐελιτρανῶν
1114 3058 1213 3145 χώραν
1273 3055 1274 3070 ’

284 3206 583 3286 9ἐπηλά<λα>ζονΒ
674 3219 706 3268 11
727 3211 855 3269 έδεονΟ
948 3220 982 3269 14
1000 3223 1095 3286 παρῆν
1114 3217 1136 3268 Α
1152 3231 1214 3280 παρ-

212 3279 300 3354 <ύει>
319 3281 342 3334 Β
360 3285 463 3354 παρείη
483 3301 505 3340 ο.
526 3283 628 3340 Reiske
724 3291 758 3341 23
777 3285 934 3340 καὶταῦτα
953 3302 976 3340 ο.
995 3286 1099 3341 Reiske
1174 3287 1214 3337 ’26

212 3351 376 3424 ἀναλαβὼν,
405 3354 481 3422 quod
500 3355 793 3500 Sylburgitzqueesee
816 3356 1017 3428 intellegebat,
1045 3358 1068 3411 Β
1092 3354 1214 3428 praebere

657 3448 676 3481 α
695 3447 734 3482 ων
888 3455 890 3458 ·
1272 3447 1273 3452 ’

212 3492 382 3562 Heylbutius
401 3496 484 3552 testis
503 3500 547 3552 est
566 3495 649 3570 μέρος
703 3497 743 3562 είς
763 3500 783 3555 0
