2656 3974
545 293 713 347 -Θ-
1071 296 1134 360 341

120 458 199 533 τοὺς
229 453 473 539 ποιησομένους
502 455 563 538 την
592 465 660 521 τῶν
688 459 822 543 κλήρων
852 458 1024 543 διανομήν.
1077 461 1173 526 τοῦ4

122 559 158 628 δὲ
186 564 231 648 μὴ
255 573 323 627 τῶν
346 563 457 628 ἄλλων
479 564 571 639 τινὰς
593 561 728 628 ὑπάτων
751 563 844 646 ύγειν
867 562 921 628 ἐπὶ
943 565 1005 648 την
1028 565 1137 650 δίκην,

121 670 252 734 δώδεκα
283 667 473 753 γενομένων
505 679 571 734 τῶν
603 667 723 753 μεταξὺ
754 667 914 756 ἀρχείων,
945 667 1002 755 ἀφ’
1031 665 1072 734 οὗ
1099 672 1136 737 τὸ

120 777 356 861 προβούλευμα
389 774 532 862 ἐγράφη,
563 776 701 853 τούτους
733 772 771 841 δὲ
800 774 1030 863 προβαλέσθαι
1059 779 1137 853 τοὺς

121 883 246 969 ἄνδρας
273 886 397 967 μόνους
423 889 482 966 τῆς
508 885 711 967 ψευσθείσης
733 881 957 970 ὑποσχέσεως,
984 881 1136 961 ἐπιεικεῖς
1163 907 1176 947 ε

121 991 240 1075 ἔφερεν
271 991 392 1066 αἰτίας·
434 986 489 1054 καὶ
520 993 684 1055 τελευτῶν
715 991 778 1075 ἐφη
816 993 927 1075 μόνως
957 989 1000 1056 δν
1032 989 1137 1067 οὕτως

121 1094 374 1180 ἀναγνωσθῆναι
392 1090 471 1172 τούς
489 1093 526 1160 ἐν
542 1095 626 1182 ἀρχῇ
640 1093 705 1161 τότ’
725 1097 823 1174 ὄντας
835 1097 982 1173 ὑπάτους
995 1100 1137 1181 κληρου-

120 1209 218 1286 χῆσαι
235 1202 297 1285 την
315 1210 391 1286 γῆν,
409 1200 468 1267 ἐὰν
486 1198 620 1288 ἑτέρους
636 1203 730 1278 τινὰς
749 1202 846 1267 λδωσι
865 1203 962 1286 δίκην
976 1211 1021 1290 τῷ
1041 1203 1136 1292 δήμῳ

121 1309 288 1393 διδόντας,
310 1307 575 1394 ἐνθυμηθέντας,
598 1308 650 1374 ὅτι
670 1306 725 1374 καλ
744 1311 860 1394 σφίσιν
879 1307 993 1385 αὐτοῖς
1011 1311 1136 1393 συμβη-

121 1430 212 1482 σεται
234 1415 334 1480 ταύτὸ
357 1422 490 1481 παθεῖν.
1150 1437 1177 1477 ιο

187 1520 374 1588 XXXVIII.
415 1519 514 1588 Ταῦτ’
536 1523 640 1587 εἰπὼν
661 1517 717 1588 καὶ
739 1518 968 1608 παρακαλέσας
990 1521 1137 1598 ἅπαντας

121 1628 216 1711 ἥκειν
239 1625 293 1693 ἐπὶ
315 1631 376 1714 την
400 1630 509 1713 δίκην,
531 1626 609 1694 καθ’
634 1629 732 1713 λερῶυ
754 1626 783 1693 τ’
806 1628 930 1712 ὀμόσας
952 1622 973 1713 η
996 1628 1063 1713 μην
1081 1627 1137 1712 ἐμ-

122 1733 235 1820 μένειν
261 1747 332 1813 τοῖς
359 1734 580 1821 ἐγνωσμένοις
603 1733 658 1802 καὶ
680 1735 769 1822 πόση
790 1739 966 1823 προθυμίᾳ
989 1745 1056 1802 τῶν
1078 1733 1136 1800 όν-

46 1843 214 1928 1847δρῶν
241 1853 452 1928 κατηγορεῖν,
479 1841 605 1929 ἡμέραν
631 1854 807 1929 προεῖπεν,
835 1842 873 1908 ἐν
899 1835 921 1929 -ᾖ
947 1843 1009 1926 τὴν
1038 1842 1136 1925 δίκην

121 1951 257 2033 ἔμελλεν
284 1947 494 2016 ἐπιτελέσειν.
539 1953 618 2027 τοὺς
645 1946 683 2016 δέ
704 1951 912 2036 πατρικίους,
940 1948 984 2025 ὡς
1007 1950 1136 2032 ἐμαθον
1152 1967 1177 2008 ιο

120 2064 240 2140 ταῦτα,
270 2059 356 2123 πολὺ
389 2055 465 2134 δέος
496 2055 688 2143 εἰσέρχεταί
707 2054 764 2122 καὶ
795 2057 949 2141 φροντίς,
980 2054 1046 2144 ὅτῳ
1074 2056 1136 2139 χρὴ

120 2165 231 2251 τρόπῳ
258 2164 337 2241 τούς
361 2161 389 2229 τ’
416 2165 540 2251 ἄνδρας
563 2163 768 2230 ἐκλύσασθαι
790 2171 848 2247 τῆς
871 2163 977 2238 αίτίας
998 2159 1054 2226 καὶ
1076 2169 1136 2228 τοῦ

121 2269 324 2353 δημαγωγοῦ
347 2271 383 2335 τὸ
406 2259 536 2357 θράσος
558 2269 714 2355 ἐπισχεῖν.
755 2266 811 2333 καὶ
834 2269 876 2353 δη
900 2265 1054 2335 ἐδέδοκτο
1078 2268 1136 2333 αύ-

120 2386 205 2460 τοῖς,
233 2381 268 2440 εί
290 2399 322 2440 τι
348 2381 532 2462 ψηφίσαιτο
558 2378 641 2442 κατὰ
666 2386 724 2461 τῆς
746 2375 847 2461 ἀρχῆς
869 2386 937 2444 τῶν
958 2375 1135 2442 ὑπότωνὸ

122 2483 241 2565 δῆμος,
268 2483 312 2566 μη
341 2480 528 2567 ἐπιτρέπειν
550 2482 638 2565 αύτιβ
661 2482 744 2548 κατὰ
767 2483 805 2547 τὸ
827 2484 988 2569 καρτερὸν
1011 2480 1134 2548 ἐνιστα·
1150 2501 1176 2542 εο

120 2586 242 2672 μένους
268 2585 324 2653 καὶ
350 2589 382 2653 εί
408 2585 479 2654 δέοι
506 2586 562 2653 καῖ
584 2589 632 2664 είς
654 2587 739 2654 ὅπλα
761 2595 960 2674 χωροῦντας.
1006 2587 1047 2653 οὐ
1070 2588 1171 2671 μὴν2

122 2691 241 2779 ἐδέησέ
256 2718 293 2778 γε
312 2703 380 2762 τῶν
398 2698 518 2780 βιαίων
538 2694 677 2770 οὐδενὸς
695 2694 807 2772 αὐτοῖς
824 2705 958 2779 ταχεῖαν
976 2697 1137 2777 λαβόντος

118 2811 181 2868 τοῦ
203 2801 366 2868 κινδύνου
389 2799 444 2867 καὶ
462 2799 652 2885 παράδοξον
669 2801 731 2885 τὴν
749 2801 860 2867 λύσιν·
884 2809 960 2885 μιᾶς
978 2801 1041 2887 γαρ
1059 2798 1137 2885 ἡμέ-

119 2931 181 3035 ρας
203 2908 305 2991 ούσης
328 2910 376 2973 ἐτι
399 2913 516 2991 λοιπῆς
538 2915 577 2993 τῇ
601 2908 677 2994 δίκη
696 2910 813 2993 νεκρὸς
831 2901 991 2984 Γενύκιος
1009 2903 1062 2972 ἐπὶ
1080 2914 1138 2991 τῆς

119 3012 242 3081 εαυτοῦ
264 3016 376 3099 κοίτης
398 3013 534 3100 εὑρέθη,
558 3025 696 3099 σημεῖον
719 3010 821 3080 οὐδὲν
844 3017 929 3100 ἐχων
952 3013 1028 3079 ούτε
1052 3030 1136 3098 σφα-
1150 3032 1176 3073 ιε

192 3203 344 3262 aman
434 3206 729 3291 4προβύλλεσθαι1
820 3153 1136 3268 ῖάείποτεόνταςο

117 3276 223 3332 Βεὶείιο
288 3279 356 3333 10*
364 3277 396 3332 τὸ
415 3279 468 3333 αύτ
469 3278 484 3333 ὁ
497 3228 526 3333 0
545 3279 652 3335 correxi
715 3285 747 3333 12
766 3272 835 3348 ἦγεν
854 3275 915 3332 0”
898 3296 977 3348 ηκειν
996 3275 1135 3367 Sylburg}

118 3344 154 3418 ἐμ
175 3365 232 3403 ενει
224 3353 250 3402 ν
269 3350 299 3404 ελ
316 3367 342 3404 v.
359 3354 392 3403 14
410 3348 613 3420 κατηγορήσειν
632 3365 654 3404 ο.
670 3348 816 3418 Kiessh'ng
883 3353 916 3404 13
935 3347 1039 3418 καὶμὴ
1058 3346 1117 3402 πύσ

116 3367 385 3547 Αὲ14ἡέραν
398 3440 429 3476 τε
447 3421 473 3474 A
527 3426 561 3476 19
572 3420 822 3548 ψηφίσὲωγοΒ
877 3426 911 3476 23
930 3439 1008 3490 παρα
989 3347 1137 3486 αδόξανι4

117 3497 154 3545 24
176 3497 227 3559 τῆς
249 3440 375 3561 δίκηςΟ
402 3492 456 3562 πρὸ
475 3499 524 3562 της
542 3493 623 3562 δίης
641 3509 656 3545 ο
727 3491 789 3546 ιε1ιε
812 3498 845 3563 τῇ
865 3492 973 3564 δίκην.
992 3489 1137 3560 Kiessling

117 3567 153 3618 25
173 3568 284 3631 σφαγῆς
303 3560 361 3618 ούτ’
384 3579 437 3618 om.
456 3565 481 3617 A
