<?xml version="1.0" encoding="UTF-8"?>
<!DOCTYPE html PUBLIC "-//W3C//DTD XHTML 1.0 Transitional//EN"
    "http://www.w3.org/TR/xhtml1/DTD/xhtml1-transitional.dtd">
<html xmlns="http://www.w3.org/1999/xhtml" xml:lang="en" lang="en">
 <head>
  <title>
</title>
<meta http-equiv="Content-Type" content="text/html;charset=utf-8" />
  <meta name='ocr-system' content='tesseract 3.04.00' />
  <meta name='ocr-capabilities' content='ocr_page ocr_carea ocr_par ocr_line ocrx_word'/>
</head>
<body>
  <div class='ocr_page' id='page_1' title='image "./dionysihalicarn00unkngoog/dionysihalicarn00unkngoog_0156.png"; bbox 0 0 2660 3976; ppageno 0'>
   <div class='ocr_carea' id='block_1_1' title="bbox 140 157 786 274">
    <p class='ocr_par' dir='ltr' id='par_1_1' title="bbox 140 157 786 274">
     <span class='ocr_line' id='line_1_1' title="bbox 140 157 786 274; baseline -0.003 0"><span class='ocrx_word' id='word_1_1' title='bbox 140 157 261 274; x_wconf 76' lang='grc' dir='ltr'><strong><em>Ιιιι</em></strong></span> <span class='ocrx_word' id='word_1_2' title='bbox 619 211 786 260; x_wconf 77' lang='grc' dir='ltr'><strong><em>-Η-</em></strong></span> 
     </span>
    </p>
   </div>
   <div class='ocr_carea' id='block_1_2' title="bbox 155 369 1329 3121">
    <p class='ocr_par' dir='ltr' id='par_1_2' title="bbox 168 369 1327 1310">
     <span class='ocr_line' id='line_1_2' title="bbox 195 369 1324 521; baseline -0.004 -83"><span class='ocrx_word' id='word_1_3' title='bbox 195 385 397 458; x_wconf 77' lang='grc' dir='ltr'><em>συναγαγεῖν</em></span> <span class='ocrx_word' id='word_1_4' title='bbox 424 373 460 438; x_wconf 87' lang='grc' dir='ltr'><strong><em>ἐκ</em></strong></span> <span class='ocrx_word' id='word_1_5' title='bbox 487 375 674 454; x_wconf 78' lang='grc' dir='ltr'><strong><em>καταλόγου</em></strong></span> <span class='ocrx_word' id='word_1_6' title='bbox 697 369 752 435; x_wconf 83' lang='grc' dir='ltr'><strong><em>καὶ</em></strong></span> <span class='ocrx_word' id='word_1_7' title='bbox 774 371 835 454; x_wconf 83' lang='grc' dir='ltr'><strong><em>την</em></strong></span> <span class='ocrx_word' id='word_1_8' title='bbox 858 373 958 436; x_wconf 90' lang='grc' dir='ltr'><strong><em>πόλιν</em></strong></span> <span class='ocrx_word' id='word_1_9' title='bbox 980 371 1038 434; x_wconf 86' lang='grc' dir='ltr'><strong><em>διδ</em></strong></span> <span class='ocrx_word' id='word_1_10' title='bbox 1060 376 1220 455; x_wconf 80' lang='grc' dir='ltr'><strong><em>φυλακῆς</em></strong></span> <span class='ocrx_word' id='word_1_11' title='bbox 1320 382 1324 521; x_wconf 55' lang='grc' dir='ltr'><strong><em>*Ι</em></strong></span> 
     </span>
     <span class='ocr_line' id='line_1_3' title="bbox 196 476 1325 582; baseline -0.003 -37"><span class='ocrx_word' id='word_1_12' title='bbox 196 484 283 566; x_wconf 89' lang='grc' dir='ltr'><strong><em>ἐχειν</em></strong></span> <span class='ocrx_word' id='word_1_13' title='bbox 310 477 366 544; x_wconf 78' lang='grc' dir='ltr'><strong><em>καὶ</em></strong></span> <span class='ocrx_word' id='word_1_14' title='bbox 394 481 472 557; x_wconf 86' lang='grc' dir='ltr'><strong><em>τούς</em></strong></span> <span class='ocrx_word' id='word_1_15' title='bbox 500 478 694 564; x_wconf 78' lang='grc' dir='ltr'><em>συμμάχους</em></span> <span class='ocrx_word' id='word_1_16' title='bbox 720 480 938 562; x_wconf 82' lang='grc' dir='ltr'><strong><em>παρακαλεῖν,</em></strong></span> <span class='ocrx_word' id='word_1_17' title='bbox 965 478 1014 553; x_wconf 88' lang='grc' dir='ltr'><strong><em>είς</em></strong></span> <span class='ocrx_word' id='word_1_18' title='bbox 1040 476 1218 562; x_wconf 74' lang='grc' dir='ltr'><strong><em>ὕπαιθρον</em></strong></span> <span class='ocrx_word' id='word_1_19' title='bbox 1320 521 1325 582; x_wconf 54' lang='grc' dir='ltr'><strong><em>χ</em></strong></span> 
     </span>
     <span class='ocr_line' id='line_1_4' title="bbox 197 582 1325 676; baseline 0 -24"><span class='ocrx_word' id='word_1_20' title='bbox 197 584 234 652; x_wconf 77' lang='grc' dir='ltr'><strong><em>δὲ</em></strong></span> <span class='ocrx_word' id='word_1_21' title='bbox 248 582 347 672; x_wconf 65' lang='grc' dir='ltr'><strong><em>’μῆπω</em></strong></span> <span class='ocrx_word' id='word_1_22' title='bbox 367 587 425 663; x_wconf 86' lang='grc' dir='ltr'><strong><em>τάς</em></strong></span> <span class='ocrx_word' id='word_1_23' title='bbox 442 586 602 676; x_wconf 83' lang='grc' dir='ltr'><strong><em>δυνάμεις</em></strong></span> <span class='ocrx_word' id='word_1_24' title='bbox 620 582 761 667; x_wconf 80' lang='grc' dir='ltr'><strong><em>ἐξάγειν,</em></strong></span> <span class='ocrx_word' id='word_1_25' title='bbox 784 582 846 661; x_wconf 78' lang='grc' dir='ltr'><strong><em>ἕως</em></strong></span> <span class='ocrx_word' id='word_1_26' title='bbox 864 582 907 648; x_wconf 91' lang='grc' dir='ltr'><strong><em>ἀν</em></strong></span> <span class='ocrx_word' id='word_1_27' title='bbox 925 583 1053 648; x_wconf 78' lang='grc' dir='ltr'><strong><em>ἅπαντα</em></strong></span> <span class='ocrx_word' id='word_1_28' title='bbox 1071 582 1217 668; x_wconf 78' lang='grc' dir='ltr'><strong><em>εὐτρεπῆ</em></strong></span> <span class='ocrx_word' id='word_1_29' title='bbox 1319 583 1325 652; x_wconf 68' lang='grc' dir='ltr'><strong><em>’ᾗ</em></strong></span> 
     </span>
     <span class='ocr_line' id='line_1_5' title="bbox 196 684 1325 778; baseline -0.006 -19"><span class='ocrx_word' id='word_1_30' title='bbox 196 692 338 778; x_wconf 89' lang='grc' dir='ltr'><strong><em>γένηται.</em></strong></span> <span class='ocrx_word' id='word_1_31' title='bbox 383 690 439 757; x_wconf 80' lang='grc' dir='ltr'><strong><em>καὶ</em></strong></span> <span class='ocrx_word' id='word_1_32' title='bbox 462 692 480 758; x_wconf 87' lang='grc' dir='ltr'>ὁ</span> <span class='ocrx_word' id='word_1_33' title='bbox 504 692 608 775; x_wconf 90' lang='grc' dir='ltr'><strong><em>δῆμος</em></strong></span> <span class='ocrx_word' id='word_1_34' title='bbox 630 687 721 755; x_wconf 86' lang='grc' dir='ltr'><strong><em>ταῦτ’</em></strong></span> <span class='ocrx_word' id='word_1_35' title='bbox 744 688 961 777; x_wconf 79' lang='grc' dir='ltr'><strong><em>ἐπεκύρωσεν.</em></strong></span> <span class='ocrx_word' id='word_1_36' title='bbox 1005 684 1050 773; x_wconf 78' lang='grc' dir='ltr'><strong><em>ἦν</em></strong></span> <span class='ocrx_word' id='word_1_37' title='bbox 1072 684 1111 753; x_wconf 75' lang='grc' dir='ltr'><strong><em>δέ</em></strong></span> <span class='ocrx_word' id='word_1_38' title='bbox 1132 692 1219 773; x_wconf 81' lang='grc' dir='ltr'><strong><em>βρα-</em></strong></span> <span class='ocrx_word' id='word_1_39' title='bbox 1323 699 1325 745; x_wconf 62' lang='grc' dir='ltr'><strong><em>ἰ</em></strong></span> 
     </span>
     <span class='ocr_line' id='line_1_6' title="bbox 168 781 1326 886; baseline -0.009 -16"><span class='ocrx_word' id='word_1_40' title='bbox 168 804 257 886; x_wconf 70' lang='grc' dir='ltr'><strong><em>ιχύς</em></strong></span> <span class='ocrx_word' id='word_1_41' title='bbox 279 800 297 866; x_wconf 87' lang='grc' dir='ltr'>ὁ</span> <span class='ocrx_word' id='word_1_42' title='bbox 321 802 516 882; x_wconf 90' lang='grc' dir='ltr'><strong><em>λειπόμενος</em></strong></span> <span class='ocrx_word' id='word_1_43' title='bbox 535 805 593 881; x_wconf 89' lang='grc' dir='ltr'><strong><em>τῆς</em></strong></span> <span class='ocrx_word' id='word_1_44' title='bbox 611 795 713 883; x_wconf 87' lang='grc' dir='ltr'><strong><em>ἀρχῆς</em></strong></span> <span class='ocrx_word' id='word_1_45' title='bbox 730 807 801 874; x_wconf 79' lang='grc' dir='ltr'><strong><em>τοῖς</em></strong></span> <span class='ocrx_word' id='word_1_46' title='bbox 819 796 957 874; x_wconf 77' lang='grc' dir='ltr'><strong><em>ὑπάτοις</em></strong></span> <span class='ocrx_word' id='word_1_47' title='bbox 974 798 1105 882; x_wconf 80' lang='grc' dir='ltr'><strong><em>χρόνος,</em></strong></span> <span class='ocrx_word' id='word_1_48' title='bbox 1129 792 1212 860; x_wconf 81' lang='grc' dir='ltr'><strong><em>ὥστ’</em></strong></span> <span class='ocrx_word' id='word_1_49' title='bbox 1325 781 1326 814; x_wconf 56' lang='lat'>¹</span> 
     </span>
     <span class='ocr_line' id='line_1_7' title="bbox 194 899 1218 990; baseline -0.005 -19"><span class='ocrx_word' id='word_1_50' title='bbox 194 902 295 972; x_wconf 71' lang='grc' dir='ltr'><strong><em>οὐδὲν</em></strong></span> <span class='ocrx_word' id='word_1_51' title='bbox 323 907 477 990; x_wconf 77' lang='grc' dir='ltr'><strong><em>ἔφθασαν</em></strong></span> <span class='ocrx_word' id='word_1_52' title='bbox 504 915 571 968; x_wconf 81' lang='grc' dir='ltr'><strong><em>τῶν</em></strong></span> <span class='ocrx_word' id='word_1_53' title='bbox 599 900 834 989; x_wconf 77' lang='grc' dir='ltr'><strong><em>ἐψηφισμένων</em></strong></span> <span class='ocrx_word' id='word_1_54' title='bbox 863 899 917 968; x_wconf 80' lang='grc' dir='ltr'><strong><em>ἐπὶ</em></strong></span> <span class='ocrx_word' id='word_1_55' title='bbox 942 900 1037 978; x_wconf 88' lang='grc' dir='ltr'><strong><em>τέλος</em></strong></span> <span class='ocrx_word' id='word_1_56' title='bbox 1063 901 1218 985; x_wconf 76' lang='grc' dir='ltr'><strong><em>ἀγαγεῖν,</em></strong></span> 
     </span>
     <span class='ocr_line' id='line_1_8' title="bbox 194 1005 1218 1096; baseline -0.002 -20"><span class='ocrx_word' id='word_1_57' title='bbox 194 1011 278 1077; x_wconf 86' lang='grc' dir='ltr'><strong><em>ἀλλά</em></strong></span> <span class='ocrx_word' id='word_1_58' title='bbox 313 1009 504 1096; x_wconf 73' lang='grc' dir='ltr'><strong><em>παρέδοσαν</em></strong></span> <span class='ocrx_word' id='word_1_59' title='bbox 539 1011 676 1095; x_wconf 75' lang='grc' dir='ltr'><strong><em>ἡμιτελῆ</em></strong></span> <span class='ocrx_word' id='word_1_60' title='bbox 709 1010 816 1076; x_wconf 89' lang='grc' dir='ltr'><strong><em>πάντα</em></strong></span> <span class='ocrx_word' id='word_1_61' title='bbox 850 1021 921 1086; x_wconf 80' lang='grc' dir='ltr'><strong><em>τοίς</em></strong></span> <span class='ocrx_word' id='word_1_62' title='bbox 957 1005 1035 1094; x_wconf 89' lang='grc' dir='ltr'><strong><em>μεθ’</em></strong></span> <span class='ocrx_word' id='word_1_63' title='bbox 1074 1005 1218 1086; x_wconf 80' lang='grc' dir='ltr'><strong><em>ἑαυτοὺς</em></strong></span> 
     </span>
     <span class='ocr_line' id='line_1_9' title="bbox 195 1117 343 1195; baseline -0.007 -11"><span class='ocrx_word' id='word_1_64' title='bbox 195 1117 343 1195; x_wconf 78' lang='grc' dir='ltr'><strong><em>ὑπάτοις.</em></strong></span> 
     </span>
     <span class='ocr_line' id='line_1_10' title="bbox 260 1220 1217 1310; baseline -0.003 -21"><span class='ocrx_word' id='word_1_65' title='bbox 260 1224 348 1290; x_wconf 89' lang='lat' dir='ltr'>XVI.</span> <span class='ocrx_word' id='word_1_66' title='bbox 378 1225 423 1290; x_wconf 89' lang='grc' dir='ltr'><strong><em>Οί</em></strong></span> <span class='ocrx_word' id='word_1_67' title='bbox 442 1220 480 1289; x_wconf 76' lang='grc' dir='ltr'><strong><em>δέ</em></strong></span> <span class='ocrx_word' id='word_1_68' title='bbox 498 1224 586 1310; x_wconf 84' lang='grc' dir='ltr'><strong><em>παρὰ</em></strong></span> <span class='ocrx_word' id='word_1_69' title='bbox 603 1226 733 1290; x_wconf 92' lang='grc' dir='ltr'><strong><em>τούτων</em></strong></span> <span class='ocrx_word' id='word_1_70' title='bbox 750 1226 812 1309; x_wconf 78' lang='grc' dir='ltr'><strong><em>τὴν</em></strong></span> <span class='ocrx_word' id='word_1_71' title='bbox 831 1223 936 1309; x_wconf 75' lang='grc' dir='ltr'><strong><em>ἀρχὴν</em></strong></span> <span class='ocrx_word' id='word_1_72' title='bbox 954 1225 1217 1309; x_wconf 81' lang='grc' dir='ltr'><strong><em>παραλαβόντες,</em></strong></span> 
     </span>
    </p>

    <p class='ocr_par' dir='ltr' id='par_1_3' title="bbox 155 1326 1329 1844">
     <span class='ocr_line' id='line_1_11' title="bbox 155 1326 1291 1417; baseline 0.004 -25"><span class='ocrx_word' id='word_1_73' title='bbox 155 1352 182 1392; x_wconf 86' lang='lat'><strong><em>10</em></strong></span> <span class='ocrx_word' id='word_1_74' title='bbox 195 1334 343 1417; x_wconf 61' lang='grc' dir='ltr'><strong><em>ὣιόριος</em></strong></span> <span class='ocrx_word' id='word_1_75' title='bbox 374 1331 523 1407; x_wconf 84' lang='grc' dir='ltr'><strong><em>Ναύτιος</em></strong></span> <span class='ocrx_word' id='word_1_76' title='bbox 554 1327 610 1396; x_wconf 80' lang='grc' dir='ltr'><strong><em>καὶ</em></strong></span> <span class='ocrx_word' id='word_1_77' title='bbox 641 1328 763 1409; x_wconf 82' lang='grc' dir='ltr'><strong><em>Σέξτος</em></strong></span> <span class='ocrx_word' id='word_1_78' title='bbox 792 1331 954 1413; x_wconf 85' lang='grc' dir='ltr'><strong><em>Φούριος,</em></strong></span> <span class='ocrx_word' id='word_1_79' title='bbox 986 1328 1143 1415; x_wconf 91' lang='grc' dir='ltr'><strong><em>στρατιάν</em></strong></span> <span class='ocrx_word' id='word_1_80' title='bbox 1170 1326 1291 1396; x_wconf 80' lang='grc' dir='ltr'><strong><em>θ’1534</em></strong></span> 
     </span>
     <span class='ocr_line' id='line_1_12' title="bbox 195 1435 1216 1522; baseline -0.002 -19"><span class='ocrx_word' id='word_1_81' title='bbox 195 1439 278 1522; x_wconf 85' lang='grc' dir='ltr'><strong><em>ὅσην</em></strong></span> <span class='ocrx_word' id='word_1_82' title='bbox 297 1437 459 1503; x_wconf 79' lang='grc' dir='ltr'><strong><em>ἐδύναντο</em></strong></span> <span class='ocrx_word' id='word_1_83' title='bbox 477 1441 635 1520; x_wconf 77' lang='grc' dir='ltr'><strong><em>πλείστην</em></strong></span> <span class='ocrx_word' id='word_1_84' title='bbox 654 1435 690 1502; x_wconf 85' lang='grc' dir='ltr'><strong><em>ἐκ</em></strong></span> <span class='ocrx_word' id='word_1_85' title='bbox 707 1447 768 1503; x_wconf 89' lang='grc' dir='ltr'><strong><em>τοῦ</em></strong></span> <span class='ocrx_word' id='word_1_86' title='bbox 785 1443 957 1503; x_wconf 83' lang='grc' dir='ltr'><strong><em>πολιτικοῦ</em></strong></span> <span class='ocrx_word' id='word_1_87' title='bbox 971 1438 1216 1518; x_wconf 80' lang='grc' dir='ltr'><strong><em>κατεστήσαντο</em></strong></span> 
     </span>
     <span class='ocr_line' id='line_1_13' title="bbox 194 1540 1217 1630; baseline -0.003 -20"><span class='ocrx_word' id='word_1_88' title='bbox 194 1547 396 1628; x_wconf 89' lang='grc' dir='ltr'><strong><em>καταλόγου,</em></strong></span> <span class='ocrx_word' id='word_1_89' title='bbox 424 1542 479 1609; x_wconf 83' lang='grc' dir='ltr'><strong><em>καὶ</em></strong></span> <span class='ocrx_word' id='word_1_90' title='bbox 506 1547 716 1630; x_wconf 84' lang='grc' dir='ltr'><strong><em>φρυκτωρίας</em></strong></span> <span class='ocrx_word' id='word_1_91' title='bbox 742 1541 797 1608; x_wconf 79' lang='grc' dir='ltr'><strong><em>καὶ</em></strong></span> <span class='ocrx_word' id='word_1_92' title='bbox 825 1545 969 1619; x_wconf 87' lang='grc' dir='ltr'><strong><em>σκοπούς</em></strong></span> <span class='ocrx_word' id='word_1_93' title='bbox 992 1540 1028 1607; x_wconf 92' lang='grc' dir='ltr'><strong><em>ἐν</em></strong></span> <span class='ocrx_word' id='word_1_94' title='bbox 1052 1552 1121 1619; x_wconf 80' lang='grc' dir='ltr'><strong><em>τοῖς</em></strong></span> <span class='ocrx_word' id='word_1_95' title='bbox 1144 1541 1217 1607; x_wconf 87' lang='grc' dir='ltr'><strong><em>ἐπι-</em></strong></span> 
     </span>
     <span class='ocr_line' id='line_1_14' title="bbox 194 1645 1329 1737; baseline 0.001 -20"><span class='ocrx_word' id='word_1_96' title='bbox 194 1651 401 1737; x_wconf 90' lang='grc' dir='ltr'><strong><em>καιροτάτοις</em></strong></span> <span class='ocrx_word' id='word_1_97' title='bbox 430 1653 607 1737; x_wconf 85' lang='grc' dir='ltr'><strong><em>φρουρίοις</em></strong></span> <span class='ocrx_word' id='word_1_98' title='bbox 637 1649 769 1734; x_wconf 80' lang='grc' dir='ltr'><strong><em>ἔταξαν,</em></strong></span> <span class='ocrx_word' id='word_1_99' title='bbox 801 1651 858 1716; x_wconf 80' lang='grc' dir='ltr'><strong><em>ἵνα</em></strong></span> <span class='ocrx_word' id='word_1_100' title='bbox 887 1645 993 1734; x_wconf 66' lang='grc' dir='ltr'><strong><em>μηδὲν</em></strong></span> <span class='ocrx_word' id='word_1_101' title='bbox 1023 1647 1217 1732; x_wconf 82' lang='grc' dir='ltr'><strong><em>ἀγνοήσωσι</em></strong></span> <span class='ocrx_word' id='word_1_102' title='bbox 1328 1687 1329 1718; x_wconf 71' lang='grc' dir='ltr'><strong><em>ι</em></strong></span> 
     </span>
     <span class='ocr_line' id='line_1_15' title="bbox 195 1752 1329 1844; baseline -0.001 -22"><span class='ocrx_word' id='word_1_103' title='bbox 195 1769 263 1823; x_wconf 82' lang='grc' dir='ltr'><strong><em>τῶν</em></strong></span> <span class='ocrx_word' id='word_1_104' title='bbox 282 1755 335 1822; x_wconf 80' lang='grc' dir='ltr'><strong><em>ἐπὶ</em></strong></span> <span class='ocrx_word' id='word_1_105' title='bbox 353 1766 411 1842; x_wconf 91' lang='grc' dir='ltr'><strong><em>τῆς</em></strong></span> <span class='ocrx_word' id='word_1_106' title='bbox 429 1757 537 1842; x_wconf 80' lang='grc' dir='ltr'><strong><em>χώρας</em></strong></span> <span class='ocrx_word' id='word_1_107' title='bbox 553 1755 800 1842; x_wconf 88' lang='grc' dir='ltr'><strong><em>πραττομένων·</em></strong></span> <span class='ocrx_word' id='word_1_108' title='bbox 823 1755 973 1842; x_wconf 79' lang='grc' dir='ltr'><strong><em>χρήματά</em></strong></span> <span class='ocrx_word' id='word_1_109' title='bbox 991 1778 1027 1820; x_wconf 90' lang='grc' dir='ltr'><strong><em>τε</em></strong></span> <span class='ocrx_word' id='word_1_110' title='bbox 1044 1752 1101 1820; x_wconf 86' lang='grc' dir='ltr'><strong><em>καὶ</em></strong></span> <span class='ocrx_word' id='word_1_111' title='bbox 1120 1766 1218 1821; x_wconf 78' lang='grc' dir='ltr'><strong><em>σῖτον</em></strong></span> <span class='ocrx_word' id='word_1_112' title='bbox 1328 1839 1329 1844; x_wconf 12' lang='lat'>¹</span> 
     </span>
    </p>

    <p class='ocr_par' dir='ltr' id='par_1_4' title="bbox 156 1829 1218 2376">
     <span class='ocr_line' id='line_1_16' title="bbox 156 1829 1217 1953; baseline -0.002 -23"><span class='ocrx_word' id='word_1_113' title='bbox 156 1829 251 1943; x_wconf 66' lang='lat' dir='ltr'><strong><em>125va</em></strong></span> <span class='ocrx_word' id='word_1_114' title='bbox 275 1864 360 1930; x_wconf 85' lang='grc' dir='ltr'><strong><em>όπλα</em></strong></span> <span class='ocrx_word' id='word_1_115' title='bbox 383 1863 420 1929; x_wconf 86' lang='grc' dir='ltr'><strong><em>έν</em></strong></span> <span class='ocrx_word' id='word_1_116' title='bbox 443 1865 544 1952; x_wconf 84' lang='grc' dir='ltr'><strong><em>όλίγφ</em></strong></span> <span class='ocrx_word' id='word_1_117' title='bbox 567 1867 676 1953; x_wconf 75' lang='grc' dir='ltr'><strong><em>χρόνῳ</em></strong></span> <span class='ocrx_word' id='word_1_118' title='bbox 699 1865 806 1930; x_wconf 84' lang='grc' dir='ltr'><strong><em>πολλά</em></strong></span> <span class='ocrx_word' id='word_1_119' title='bbox 825 1863 1057 1948; x_wconf 81' lang='grc' dir='ltr'><strong><em>ἡτοιμάσαντο.</em></strong></span> <span class='ocrx_word' id='word_1_120' title='bbox 1093 1863 1134 1927; x_wconf 88' lang='grc' dir='ltr'><strong><em>τά</em></strong></span> <span class='ocrx_word' id='word_1_121' title='bbox 1152 1859 1217 1946; x_wconf 71' lang='grc' dir='ltr'><strong><em>μὲν</em></strong></span> 
     </span>
     <span class='ocr_line' id='line_1_17' title="bbox 196 1967 1218 2056; baseline -0.004 -18"><span class='ocrx_word' id='word_1_122' title='bbox 196 1967 258 2038; x_wconf 90' lang='grc' dir='ltr'><strong><em>οὐν</em></strong></span> <span class='ocrx_word' id='word_1_123' title='bbox 286 1975 391 2039; x_wconf 81' lang='grc' dir='ltr'><strong><em>οἰκεία</em></strong></span> <span class='ocrx_word' id='word_1_124' title='bbox 418 1972 663 2056; x_wconf 89' lang='grc' dir='ltr'><strong><em>παρεσκεύαστο</em></strong></span> <span class='ocrx_word' id='word_1_125' title='bbox 691 1971 804 2047; x_wconf 81' lang='grc' dir='ltr'><strong><em>αὐτοῖς</em></strong></span> <span class='ocrx_word' id='word_1_126' title='bbox 826 1971 871 2048; x_wconf 82' lang='grc' dir='ltr'><strong><em>ὡς</em></strong></span> <span class='ocrx_word' id='word_1_127' title='bbox 894 1969 974 2054; x_wconf 85' lang='grc' dir='ltr'><strong><em>ἐνῆν</em></strong></span> <span class='ocrx_word' id='word_1_128' title='bbox 997 1971 1130 2055; x_wconf 85' lang='grc' dir='ltr'><strong><em>ἀριστα,</em></strong></span> <span class='ocrx_word' id='word_1_129' title='bbox 1158 1967 1218 2034; x_wconf 79' lang='grc' dir='ltr'><strong><em>καὶ</em></strong></span> 
     </span>
     <span class='ocr_line' id='line_1_18' title="bbox 196 2073 1217 2161; baseline -0.004 -16"><span class='ocrx_word' id='word_1_130' title='bbox 196 2074 297 2145; x_wconf 73' lang='grc' dir='ltr'><strong><em>οὐδὲν</em></strong></span> <span class='ocrx_word' id='word_1_131' title='bbox 327 2078 438 2144; x_wconf 81' lang='grc' dir='ltr'><strong><em>αὐτῶν</em></strong></span> <span class='ocrx_word' id='word_1_132' title='bbox 468 2079 516 2142; x_wconf 88' lang='grc' dir='ltr'><strong><em>έτι</em></strong></span> <span class='ocrx_word' id='word_1_133' title='bbox 547 2078 619 2142; x_wconf 77' lang='grc' dir='ltr'><strong><em>δεῖν</em></strong></span> <span class='ocrx_word' id='word_1_134' title='bbox 649 2075 770 2142; x_wconf 86' lang='grc' dir='ltr'><strong><em>ἐδόκει·</em></strong></span> <span class='ocrx_word' id='word_1_135' title='bbox 802 2078 843 2141; x_wconf 84' lang='grc' dir='ltr'><strong><em>τά</em></strong></span> <span class='ocrx_word' id='word_1_136' title='bbox 871 2073 909 2142; x_wconf 72' lang='grc' dir='ltr'><strong><em>δὲ</em></strong></span> <span class='ocrx_word' id='word_1_137' title='bbox 936 2076 1123 2161; x_wconf 80' lang='grc' dir='ltr'><strong><em>συμμαχικὰ</em></strong></span> <span class='ocrx_word' id='word_1_138' title='bbox 1151 2075 1217 2161; x_wconf 88' lang='grc' dir='ltr'><strong><em>οὐχ</em></strong></span> 
     </span>
     <span class='ocr_line' id='line_1_19' title="bbox 196 2174 1217 2268; baseline -0.003 -18"><span class='ocrx_word' id='word_1_139' title='bbox 196 2187 324 2250; x_wconf 88' lang='grc' dir='ltr'><strong><em>άπαντα</em></strong></span> <span class='ocrx_word' id='word_1_140' title='bbox 355 2184 502 2268; x_wconf 77' lang='grc' dir='ltr'><strong><em>ὑπήκουε</em></strong></span> <span class='ocrx_word' id='word_1_141' title='bbox 534 2183 717 2268; x_wconf 83' lang='grc' dir='ltr'><strong><em>προθύμως</em></strong></span> <span class='ocrx_word' id='word_1_142' title='bbox 750 2179 884 2248; x_wconf 85' lang='grc' dir='ltr'><strong><em>ἑκούσιά</em></strong></span> <span class='ocrx_word' id='word_1_143' title='bbox 915 2175 943 2247; x_wconf 86' lang='grc' dir='ltr'><strong><em>τ’</em></strong></span> <span class='ocrx_word' id='word_1_144' title='bbox 975 2183 1036 2249; x_wconf 94' lang='grc' dir='ltr'><strong><em>οὐκ</em></strong></span> <span class='ocrx_word' id='word_1_145' title='bbox 1067 2175 1126 2266; x_wconf 74' lang='grc' dir='ltr'><strong><em>ἦν,</em></strong></span> <span class='ocrx_word' id='word_1_146' title='bbox 1159 2174 1217 2248; x_wconf 88' lang='grc' dir='ltr'><strong><em>οἶα</em></strong></span> 
     </span>
     <span class='ocr_line' id='line_1_20' title="bbox 197 2285 1218 2376; baseline -0.003 -20"><span class='ocrx_word' id='word_1_147' title='bbox 197 2290 407 2376; x_wconf 89' lang='grc' dir='ltr'><strong><em>συνάρασθαι</em></strong></span> <span class='ocrx_word' id='word_1_148' title='bbox 436 2298 496 2354; x_wconf 87' lang='grc' dir='ltr'><strong><em>τοῦ</em></strong></span> <span class='ocrx_word' id='word_1_149' title='bbox 523 2286 686 2373; x_wconf 86' lang='grc' dir='ltr'><strong><em>πολέμου,</em></strong></span> <span class='ocrx_word' id='word_1_150' title='bbox 718 2286 794 2355; x_wconf 81' lang='grc' dir='ltr'><strong><em>ὥστ’</em></strong></span> <span class='ocrx_word' id='word_1_151' title='bbox 824 2285 904 2355; x_wconf 70' lang='grc' dir='ltr'><strong><em>οὐδὲ</em></strong></span> <span class='ocrx_word' id='word_1_152' title='bbox 930 2288 1218 2376; x_wconf 82' lang='grc' dir='ltr'><strong><em>προσαναγκάζειν</em></strong></span> 
     </span>
    </p>

    <p class='ocr_par' dir='ltr' id='par_1_5' title="bbox 157 2393 1218 2588">
     <span class='ocr_line' id='line_1_21' title="bbox 157 2393 1217 2482; baseline 0.002 -24"><span class='ocrx_word' id='word_1_153' title='bbox 157 2417 184 2458; x_wconf 77' lang='grc' dir='ltr'><strong><em>νο</em></strong></span> <span class='ocrx_word' id='word_1_154' title='bbox 197 2396 280 2461; x_wconf 84' lang='grc' dir='ltr'><strong><em>αὐτά</em></strong></span> <span class='ocrx_word' id='word_1_155' title='bbox 307 2395 424 2480; x_wconf 81' lang='grc' dir='ltr'><strong><em>ἠξίουν</em></strong></span> <span class='ocrx_word' id='word_1_156' title='bbox 446 2396 652 2480; x_wconf 87' lang='grc' dir='ltr'><strong><em>φοβούμενοι</em></strong></span> <span class='ocrx_word' id='word_1_157' title='bbox 674 2397 866 2482; x_wconf 87' lang='grc' dir='ltr'><strong><em>προδοσίαν.</em></strong></span> <span class='ocrx_word' id='word_1_158' title='bbox 911 2397 976 2479; x_wconf 82' lang='grc' dir='ltr'><strong><em>ῆδη</em></strong></span> <span class='ocrx_word' id='word_1_159' title='bbox 1000 2393 1041 2460; x_wconf 91' lang='grc' dir='ltr'><strong><em>δέ</em></strong></span> <span class='ocrx_word' id='word_1_160' title='bbox 1060 2418 1136 2462; x_wconf 92' lang='grc' dir='ltr'><strong><em>τινα</em></strong></span> <span class='ocrx_word' id='word_1_161' title='bbox 1152 2393 1217 2460; x_wconf 84' lang='grc' dir='ltr'><strong><em>καὶ</em></strong></span> 
     </span>
     <span class='ocr_line' id='line_1_22' title="bbox 196 2499 1218 2588; baseline -0.001 -20"><span class='ocrx_word' id='word_1_162' title='bbox 196 2502 357 2588; x_wconf 84' lang='grc' dir='ltr'><strong><em>ἀφίστατο</em></strong></span> <span class='ocrx_word' id='word_1_163' title='bbox 382 2502 492 2567; x_wconf 83' lang='grc' dir='ltr'><strong><em>αὐτῶν</em></strong></span> <span class='ocrx_word' id='word_1_164' title='bbox 516 2501 551 2567; x_wconf 82' lang='grc' dir='ltr'><strong><em>ἐκ</em></strong></span> <span class='ocrx_word' id='word_1_165' title='bbox 573 2511 634 2567; x_wconf 86' lang='grc' dir='ltr'><strong><em>τοῦ</em></strong></span> <span class='ocrx_word' id='word_1_166' title='bbox 657 2511 805 2588; x_wconf 83' lang='grc' dir='ltr'><strong><em>φανεροῦ</em></strong></span> <span class='ocrx_word' id='word_1_167' title='bbox 826 2499 968 2578; x_wconf 78' lang='grc' dir='ltr'><strong><em>καὶτοῖς</em></strong></span> <span class='ocrx_word' id='word_1_168' title='bbox 988 2501 1218 2581; x_wconf 84' lang='grc' dir='ltr'><strong><em>Οὐολούσκοις</em></strong></span> 
     </span>
    </p>

    <p class='ocr_par' dir='ltr' id='par_1_6' title="bbox 161 2603 1217 2908">
     <span class='ocr_line' id='line_1_23' title="bbox 161 2603 1216 2694; baseline -0.004 -16"><span class='ocrx_word' id='word_1_169' title='bbox 161 2609 435 2694; x_wconf 82' lang='grc' dir='ltr'><strong><em>3συνελάμβανε.</em></strong></span> <span class='ocrx_word' id='word_1_170' title='bbox 480 2618 604 2694; x_wconf 85' lang='grc' dir='ltr'><strong><em>πρῶτοι</em></strong></span> <span class='ocrx_word' id='word_1_171' title='bbox 633 2604 664 2673; x_wconf 88' lang='grc' dir='ltr'><strong><em>δ’</em></strong></span> <span class='ocrx_word' id='word_1_172' title='bbox 690 2603 795 2694; x_wconf 76' lang='grc' dir='ltr'><strong><em>ἦρξαν</em></strong></span> <span class='ocrx_word' id='word_1_173' title='bbox 818 2605 961 2674; x_wconf 80' lang='grc' dir='ltr'><strong><em>Αἰκανοὶ</em></strong></span> <span class='ocrx_word' id='word_1_174' title='bbox 988 2615 1046 2691; x_wconf 91' lang='grc' dir='ltr'><strong><em>τῆς</em></strong></span> <span class='ocrx_word' id='word_1_175' title='bbox 1071 2607 1216 2674; x_wconf 88' lang='grc' dir='ltr'><strong><em>ἀποστά-</em></strong></span> 
     </span>
     <span class='ocr_line' id='line_1_24' title="bbox 197 2713 1217 2803; baseline -0.003 -20"><span class='ocrx_word' id='word_1_176' title='bbox 197 2734 296 2800; x_wconf 89' lang='grc' dir='ltr'><strong><em>σεως,</em></strong></span> <span class='ocrx_word' id='word_1_177' title='bbox 323 2716 390 2800; x_wconf 87' lang='grc' dir='ltr'><strong><em>άμα</em></strong></span> <span class='ocrx_word' id='word_1_178' title='bbox 417 2724 463 2803; x_wconf 74' lang='grc' dir='ltr'><strong><em>τῷ</em></strong></span> <span class='ocrx_word' id='word_1_179' title='bbox 491 2723 651 2799; x_wconf 89' lang='grc' dir='ltr'><strong><em>συστῆναι</em></strong></span> <span class='ocrx_word' id='word_1_180' title='bbox 677 2716 737 2780; x_wconf 90' lang='grc' dir='ltr'><strong><em>τὸν</em></strong></span> <span class='ocrx_word' id='word_1_181' title='bbox 759 2718 906 2799; x_wconf 92' lang='grc' dir='ltr'><strong><em>πόλεμον</em></strong></span> <span class='ocrx_word' id='word_1_182' title='bbox 929 2715 1034 2791; x_wconf 85' lang='grc' dir='ltr'><strong><em>εὐθύς</em></strong></span> <span class='ocrx_word' id='word_1_183' title='bbox 1057 2713 1217 2792; x_wconf 85' lang='grc' dir='ltr'><strong><em>ἐλθόντες</em></strong></span> 
     </span>
     <span class='ocr_line' id='line_1_25' title="bbox 187 2817 1216 2908; baseline -0.004 -18"><span class='ocrx_word' id='word_1_184' title='bbox 187 2825 242 2901; x_wconf 71' lang='grc' dir='ltr'><strong><em>ὡς</em></strong></span> <span class='ocrx_word' id='word_1_185' title='bbox 263 2826 342 2900; x_wconf 86' lang='grc' dir='ltr'><strong><em>τοὺς</em></strong></span> <span class='ocrx_word' id='word_1_186' title='bbox 366 2822 601 2903; x_wconf 81' lang='grc' dir='ltr'><strong><em>Οὐολούσκους</em></strong></span> <span class='ocrx_word' id='word_1_187' title='bbox 623 2818 678 2886; x_wconf 78' lang='grc' dir='ltr'><strong><em>καὶ</em></strong></span> <span class='ocrx_word' id='word_1_188' title='bbox 702 2825 890 2908; x_wconf 92' lang='grc' dir='ltr'><strong><em>συμμαχίαν</em></strong></span> <span class='ocrx_word' id='word_1_189' title='bbox 907 2817 984 2907; x_wconf 81' lang='grc' dir='ltr'><strong><em>μεθ’</em></strong></span> <span class='ocrx_word' id='word_1_190' title='bbox 1005 2821 1116 2908; x_wconf 84' lang='grc' dir='ltr'><strong><em>ὅρκων</em></strong></span> <span class='ocrx_word' id='word_1_191' title='bbox 1136 2838 1216 2887; x_wconf 91' lang='grc' dir='ltr'><strong><em>συν-</em></strong></span> 
     </span>
    </p>

    <p class='ocr_par' dir='ltr' id='par_1_7' title="bbox 158 2923 1294 3121">
     <span class='ocr_line' id='line_1_26' title="bbox 158 2923 1215 3018; baseline 0.004 -28"><span class='ocrx_word' id='word_1_192' title='bbox 158 2950 184 2991; x_wconf 78' lang='grc' dir='ltr'><strong><em>ιε</em></strong></span> <span class='ocrx_word' id='word_1_193' title='bbox 196 2929 352 3018; x_wconf 86' lang='grc' dir='ltr'><strong><em>θέμενοι,</em></strong></span> <span class='ocrx_word' id='word_1_194' title='bbox 387 2929 543 3014; x_wconf 91' lang='grc' dir='ltr'><strong><em>στρατιάν</em></strong></span> <span class='ocrx_word' id='word_1_195' title='bbox 577 2925 603 2992; x_wconf 90' lang='grc' dir='ltr'><strong><em>τ’</em></strong></span> <span class='ocrx_word' id='word_1_196' title='bbox 639 2926 835 2994; x_wconf 82' lang='grc' dir='ltr'><strong><em>ἀπέστειλαν</em></strong></span> <span class='ocrx_word' id='word_1_197' title='bbox 870 2923 963 2994; x_wconf 83' lang='grc' dir='ltr'><strong><em>οὗτοι</em></strong></span> <span class='ocrx_word' id='word_1_198' title='bbox 992 2937 1038 3016; x_wconf 75' lang='grc' dir='ltr'><strong><em>τῷ</em></strong></span> <span class='ocrx_word' id='word_1_199' title='bbox 1068 2931 1215 3018; x_wconf 80' lang='grc' dir='ltr'><strong><em>Μαρκίῳ</em></strong></span> 
     </span>
     <span class='ocr_line' id='line_1_27' title="bbox 196 3030 1294 3121; baseline -0.001 -19"><span class='ocrx_word' id='word_1_200' title='bbox 196 3039 354 3121; x_wconf 81' lang='grc' dir='ltr'><strong><em>πλείστην</em></strong></span> <span class='ocrx_word' id='word_1_201' title='bbox 376 3059 411 3101; x_wconf 90' lang='grc' dir='ltr'><strong><em>τε</em></strong></span> <span class='ocrx_word' id='word_1_202' title='bbox 434 3033 490 3100; x_wconf 82' lang='grc' dir='ltr'><strong><em>καὶ</em></strong></span> <span class='ocrx_word' id='word_1_203' title='bbox 512 3034 782 3120; x_wconf 87' lang='grc' dir='ltr'><strong><em>προθυμοτάτην.</em></strong></span> <span class='ocrx_word' id='word_1_204' title='bbox 816 3032 1009 3121; x_wconf 83' lang='grc' dir='ltr'><strong><em>ἀρξαμένων</em></strong></span> <span class='ocrx_word' id='word_1_205' title='bbox 1028 3030 1066 3099; x_wconf 73' lang='grc' dir='ltr'><strong><em>δὲ</em></strong></span> <span class='ocrx_word' id='word_1_206' title='bbox 1083 3035 1294 3102; x_wconf 79' lang='grc' dir='ltr'><strong><em>τούτων1535</em></strong></span> 
     </span>
    </p>
   </div>
   <div class='ocr_carea' id='block_1_3' title="bbox 197 3190 1217 3547">
    <p class='ocr_par' dir='ltr' id='par_1_8' title="bbox 197 3190 1217 3547">
     <span class='ocr_line' id='line_1_28' title="bbox 270 3190 1215 3262; baseline 0 -16"><span class='ocrx_word' id='word_1_207' title='bbox 270 3199 284 3246; x_wconf 94' lang='grc'>1</span> <span class='ocrx_word' id='word_1_208' title='bbox 309 3192 442 3262; x_wconf 85' lang='grc' dir='ltr'><strong><em>συνάγειν</em></strong></span> <span class='ocrx_word' id='word_1_209' title='bbox 466 3209 489 3248; x_wconf 88' lang='grc' dir='ltr'><strong><em>ο,</em></strong></span> <span class='ocrx_word' id='word_1_210' title='bbox 514 3191 637 3246; x_wconf 80' lang='lat' dir='ltr'>Reudler</span> <span class='ocrx_word' id='word_1_211' title='bbox 659 3191 749 3248; x_wconf 78' lang='lat' dir='ltr'>Timo.</span> <span class='ocrx_word' id='word_1_212' title='bbox 773 3190 834 3248; x_wconf 73' lang='lat' dir='ltr'>crib.</span> <span class='ocrx_word' id='word_1_213' title='bbox 857 3210 886 3261; x_wconf 90' lang='lat' dir='ltr'><strong><em>p.</em></strong></span> <span class='ocrx_word' id='word_1_214' title='bbox 905 3198 940 3246; x_wconf 83' lang='lat'><strong><em>54</em></strong></span> <span class='ocrx_word' id='word_1_215' title='bbox 1012 3197 1028 3244; x_wconf 85' lang='lat'><strong>3</strong></span> <span class='ocrx_word' id='word_1_216' title='bbox 1052 3190 1168 3246; x_wconf 76' lang='grc' dir='ltr'><strong><em>ἅπαντα</em></strong></span> <span class='ocrx_word' id='word_1_217' title='bbox 1192 3191 1215 3246; x_wconf 91' lang='lat'>0</span> 
     </span>
     <span class='ocr_line' id='line_1_29' title="bbox 198 3261 1215 3334; baseline 0.002 -18"><span class='ocrx_word' id='word_1_218' title='bbox 198 3281 267 3317; x_wconf 82' lang='lat' dir='ltr'><strong>corr.</strong></span> <span class='ocrx_word' id='word_1_219' title='bbox 285 3263 429 3334; x_wconf 79' lang='lat' dir='ltr'><strong>Kiessling</strong></span> <span class='ocrx_word' id='word_1_220' title='bbox 498 3270 530 3319; x_wconf 90' lang='lat'><strong><em>10</em></strong></span> <span class='ocrx_word' id='word_1_221' title='bbox 551 3262 687 3333; x_wconf 87' lang='grc' dir='ltr'><strong><em>Φρούριος</em></strong></span> <span class='ocrx_word' id='word_1_222' title='bbox 707 3267 730 3316; x_wconf 86' lang='lat' dir='ltr'>A</span> <span class='ocrx_word' id='word_1_223' title='bbox 799 3270 831 3318; x_wconf 82' lang='lat'><strong><em>13</em></strong></span> <span class='ocrx_word' id='word_1_224' title='bbox 851 3265 998 3334; x_wconf 89' lang='grc' dir='ltr'><strong><em>φρουρίοις</em></strong></span> <span class='ocrx_word' id='word_1_225' title='bbox 1018 3261 1040 3317; x_wconf 92' lang='grc' dir='ltr'><strong>Ο</strong></span> <span class='ocrx_word' id='word_1_226' title='bbox 1060 3265 1173 3333; x_wconf 89' lang='grc' dir='ltr'><strong><em>χωρίοις</em></strong></span> <span class='ocrx_word' id='word_1_227' title='bbox 1192 3281 1215 3318; x_wconf 89' lang='grc' dir='ltr'><strong><em>ο.</em></strong></span> 
     </span>
     <span class='ocr_line' id='line_1_30' title="bbox 197 3333 1216 3406; baseline 0.002 -19"><span class='ocrx_word' id='word_1_228' title='bbox 197 3334 341 3404; x_wconf 77' lang='lat' dir='ltr'>Kiessling</span> <span class='ocrx_word' id='word_1_229' title='bbox 414 3341 446 3389; x_wconf 79' lang='lat'><strong><em>17</em></strong></span> <span class='ocrx_word' id='word_1_230' title='bbox 475 3335 580 3406; x_wconf 83' lang='grc' dir='ltr'><strong><em>αὐτῶν]</em></strong></span> <span class='ocrx_word' id='word_1_231' title='bbox 604 3334 690 3390; x_wconf 85' lang='grc' dir='ltr'><strong><em>αὐτὸν</em></strong></span> <span class='ocrx_word' id='word_1_232' title='bbox 708 3335 733 3387; x_wconf 88' lang='lat' dir='ltr'>A</span> <span class='ocrx_word' id='word_1_233' title='bbox 756 3336 851 3398; x_wconf 83' lang='grc' dir='ltr'><strong><em>αὐτοῖς</em></strong></span> <span class='ocrx_word' id='word_1_234' title='bbox 872 3335 995 3406; x_wconf 83' lang='lat' dir='ltr'><strong>Sylburg</strong></span> <span class='ocrx_word' id='word_1_235' title='bbox 1020 3338 1023 3400; x_wconf 94' lang='grc' dir='ltr'>Ι</span> <span class='ocrx_word' id='word_1_236' title='bbox 1050 3333 1091 3388; x_wconf 75' lang='grc' dir='ltr'><strong><em>ἔτι</em></strong></span> <span class='ocrx_word' id='word_1_237' title='bbox 1110 3333 1216 3390; x_wconf 83' lang='grc' dir='ltr'><strong><em>δεῖνΟ</em></strong></span> 
     </span>
     <span class='ocr_line' id='line_1_31' title="bbox 199 3399 1217 3476; baseline 0 -16"><span class='ocrx_word' id='word_1_238' title='bbox 199 3403 238 3459; x_wconf 77' lang='grc' dir='ltr'><strong><em>ἐτ’</em></strong></span> <span class='ocrx_word' id='word_1_239' title='bbox 256 3399 348 3460; x_wconf 76' lang='grc' dir='ltr'><strong><em>ἐνδεῖν</em></strong></span> <span class='ocrx_word' id='word_1_240' title='bbox 367 3405 471 3460; x_wconf 77' lang='lat' dir='ltr'><strong>Reiske</strong></span> <span class='ocrx_word' id='word_1_241' title='bbox 543 3413 576 3460; x_wconf 77' lang='lat'><strong><em>21</em></strong></span> <span class='ocrx_word' id='word_1_242' title='bbox 596 3405 645 3460; x_wconf 78' lang='grc' dir='ltr'><strong><em>καὶ</em></strong></span> <span class='ocrx_word' id='word_1_243' title='bbox 664 3422 718 3459; x_wconf 88' lang='lat' dir='ltr'><strong><em>om.</em></strong></span> <span class='ocrx_word' id='word_1_244' title='bbox 737 3405 783 3459; x_wconf 81' lang='lat' dir='ltr'><strong><em>Ba</em></strong></span> <span class='ocrx_word' id='word_1_245' title='bbox 802 3406 866 3463; x_wconf 78' lang='lat' dir='ltr'>add.</span> <span class='ocrx_word' id='word_1_246' title='bbox 885 3406 932 3460; x_wconf 93' lang='lat' dir='ltr'><strong><em>Bb</em></strong></span> <span class='ocrx_word' id='word_1_247' title='bbox 953 3423 1039 3476; x_wconf 69' lang='lat' dir='ltr'><strong>supra</strong></span> <span class='ocrx_word' id='word_1_248' title='bbox 1055 3404 1119 3468; x_wconf 62' lang='lat' dir='ltr'><strong><em>lin„</em></strong></span> <span class='ocrx_word' id='word_1_249' title='bbox 1182 3412 1217 3460; x_wconf 81' lang='lat'><strong><em>26</em></strong></span> 
     </span>
     <span class='ocr_line' id='line_1_32' title="bbox 198 3476 838 3547; baseline -0.002 -16"><span class='ocrx_word' id='word_1_250' title='bbox 198 3476 343 3547; x_wconf 84' lang='grc' dir='ltr'><strong><em>ἀρξάντων</em></strong></span> <span class='ocrx_word' id='word_1_251' title='bbox 363 3476 394 3531; x_wconf 78' lang='grc' dir='ltr'><strong><em>δὲ</em></strong></span> <span class='ocrx_word' id='word_1_252' title='bbox 414 3494 437 3530; x_wconf 89' lang='grc' dir='ltr'><strong><em>ο,</em></strong></span> <span class='ocrx_word' id='word_1_253' title='bbox 455 3477 580 3531; x_wconf 85' lang='lat' dir='ltr'>Reudler</span> <span class='ocrx_word' id='word_1_254' title='bbox 600 3478 657 3533; x_wconf 82' lang='lat' dir='ltr'><strong>Tir.</strong></span> <span class='ocrx_word' id='word_1_255' title='bbox 677 3477 738 3533; x_wconf 73' lang='lat' dir='ltr'><strong>erit.</strong></span> <span class='ocrx_word' id='word_1_256' title='bbox 757 3494 785 3546; x_wconf 86' lang='lat' dir='ltr'><strong><em>p.</em></strong></span> <span class='ocrx_word' id='word_1_257' title='bbox 805 3482 838 3530; x_wconf 87' lang='lat'><strong><em>55</em></strong></span> 
     </span>
    </p>
   </div>
   <div class='ocr_carea' id='block_1_4' title="bbox 0 0 1334 3976">
    <p class='ocr_par' dir='ltr' id='par_1_9' title="bbox 0 0 1334 3976">
     <span class='ocr_line' id='line_1_33' title="bbox 0 0 1334 3976; baseline 0 1"><span class='ocrx_word' id='word_1_258' title='bbox 0 0 1334 3976; x_wconf 95' lang='lat' dir='ltr'><strong><em> </em></strong></span> 
     </span>
    </p>
   </div>
  </div>
 </body>
</html>
