2656 3974
164 178 231 244 350
588 177 756 230 -Θ-

127 344 200 408 4τὸ
231 343 421 426 δημοτικόν.
466 335 509 423 ἦν
540 333 570 404 δ’
595 339 617 423 ἡ
645 347 705 404 τοῦ
732 341 836 423 μηνὸς
864 337 993 404 ἐκείνου
1020 337 1181 423 ἡγεμονία

162 458 207 536 τῷ
222 450 369 536 Κοιντίῳ
387 449 614 531 προσήκουσα,
632 442 708 511 ὥστ’
727 443 909 529 ἀναγκαῖον
927 440 971 528 ἦν
987 446 1048 510 τὸν
1066 442 1181 530 ἕτερον

162 566 229 620 τῶν
266 554 403 620 ὑπάτων
434 548 540 638 μηδὲν
571 552 711 628 άκοντος
742 551 873 617 ἐκείνου
904 562 1022 617 ποιεῖν.
1077 551 1113 616 οί
1143 546 1181 616 δέ

161 659 238 748 περὶ
261 662 321 726 τὸν
339 660 494 726 Πόπλιον
517 660 681 745 δήμαρχοι
705 654 811 724 οὐθὲν
835 660 883 723 ἐτι
905 659 1182 743 διαμελλήσαντες

136 770 221 837 ετὸν
245 765 282 832 ἐν
305 774 350 855 τῷ
374 768 525 850 πρόσθεν
548 763 689 854 ἐνιαυτῷ
714 765 755 831 οὐ
778 761 969 848 δυνηθέντα
986 766 1092 848 νόμον
1111 763 1181 829 ἐπι-

162 879 359 960 κυρωθῆναι
372 872 474 937 πάλιν
488 869 675 958 είσέφερον,
687 870 962 959 προσγράψαντες
974 871 1064 959 αὐτῷ
1077 868 1180 937 καὶτὸ

161 991 228 1045 τῶν
248 978 466 1062 ἀγορανόμων
485 977 620 1064 ἀρχεῖον
638 977 675 1042 ἐν
693 989 764 1056 ταῖς
777 977 892 1056 αὐταῖς
905 983 1180 1064 ψηφοφορεῖσθαι

161 1083 366 1170 ἐκκλησίαις,
392 1081 449 1150 καλ
470 1085 578 1150 πάντα
601 1078 721 1169 τᾶλλα,
748 1084 810 1149 ὅσα
833 1084 870 1150 έν
892 1092 938 1172 τῷ
963 1086 1058 1172 δήμῳ
1079 1083 1180 1169 πράτ-

161 1195 284 1257 τεσθαί
302 1215 338 1257 τε
360 1190 415 1257 καλ
438 1191 681 1278 ἐπικυροῦσθαι
704 1193 827 1275 δεήσει,
850 1190 916 1257 ὑπὸ
939 1201 1007 1256 τῶν
1024 1195 1247 1276 φυλετῦνιεει

122 1328 148 1367 10
162 1295 420 1383 ἐπιψηφίζεσθαι
442 1299 524 1363 κατὰ
542 1298 677 1364 ταύτόν·
701 1298 782 1384 ὅπερ
801 1292 844 1381 ἦν
862 1298 927 1383 άρα
944 1306 1002 1382 τῆς
1020 1293 1080 1382 μὲν
1099 1300 1180 1381 βου-

161 1409 220 1489 λῆς
242 1405 420 1482 κατάλυσις
442 1404 587 1491 φανερά,
610 1413 671 1471 τοῦ
693 1400 732 1470 δέ
755 1405 864 1488 δήμου
888 1406 1076 1470 δυναστεία.

227 1509 431 1576 ΧΧΧΧΙΙΠ.
478 1515 583 1578 Τοῦτο
612 1517 762 1595 μαθοῦσι
788 1521 858 1587 τοῖς
879 1509 1018 1586 ὑπάτοις
1040 1507 1180 1596 φροντὶς

160 1613 265 1702 εἰσῄει
293 1615 349 1682 καλ
379 1620 553 1701 λογισμός,
584 1617 674 1695 ὅπως
701 1616 745 1682 διν
774 1615 811 1682 ἐν
838 1617 930 1702 τάχει
957 1612 1013 1680 καλ
1040 1618 1104 1682 σὺν
1130 1624 1177 1704 τῷ

161 1723 305 1810 ἀσφαλεῖ
335 1725 372 1789 τὸ
404 1732 613 1810 παρακινοῦν
644 1721 700 1788 καλ
733 1723 908 1801 στασιάζον
940 1721 1106 1809 ἐξαιρεθῇ.
1158 1722 1177 1788 ό

121 1857 147 1899 ιε
160 1828 222 1916 μὲν
250 1824 312 1896 οὖν
329 1827 469 1906 ’Ἆππιος
497 1828 550 1895 ἐττλ
577 1830 618 1894 τά
646 1829 732 1894 ὅπλα
759 1834 875 1894 καλεῖν
901 1828 1038 1912 γνώμην
1062 1827 1178 1894 ἐδίδου

160 1939 238 2013 τοὺς
260 1933 487 2020 βουλομένους
511 1936 675 2014 σώζεσθαι
697 1936 759 2020 τὴν
781 1935 923 2021 πάτριον
939 1938 1123 2002 πολιτείαν·
1148 1937 1180 2000 εί

160 2038 201 2106 δέ
220 2065 308 2120 τινες
329 2042 464 2109 ἐναντία
486 2044 651 2126 θήσονται
674 2045 768 2128 σφίσι
791 2042 831 2107 τά
854 2041 956 2126 ὅπλα,
977 2042 1116 2119 τούτους
1138 2040 1177 2107 ἐν

125 2151 329 2234 θπολεμίων
356 2156 527 2216 ποιεῖσθαι
555 2152 664 2236 μοίρηι.
709 2148 728 2214 ό
757 2144 795 2212 δέ
817 2150 973 2225 Κοίντιος
995 2149 1083 2236 λόγῳ
1107 2151 1178 2213 πεί-

159 2261 238 2320 θειν
261 2253 343 2343 ρ’έετο
368 2257 440 2321 δεῖν
463 2259 541 2333 τοὺς
564 2257 762 2341 δημοτικοὺς
784 2250 840 2320 καλ
860 2253 1112 2338 μεταδιδάσκειν
1132 2255 1178 2331 ὡς

120 2389 147 2428 20
161 2358 205 2426 δι’
232 2363 373 2444 άγνοιαν
398 2372 459 2428 τοῦ
482 2360 712 2448 συμφέροντος
733 2362 781 2438 είς
804 2360 943 2447 ὀλέθρια
966 2360 1177 2445 βουλεύματα

159 2465 379 2554 φερομένους·
399 2467 536 2554 ἐσχάτης
555 2471 676 2554 μανίας
693 2470 793 2554 ἔργον
811 2461 898 2533 εἶναι
916 2463 1036 2551 λέγων,
1054 2463 1172 2553 &aad

160 2571 305 2641 ἑκόντων
324 2573 430 2653 ἔξεστι
448 2573 612 2662 φέρεσθαι
627 2586 695 2641 τῶν
709 2571 1054 2659 συμπολιτευομένων,
1071 2583 1177 2640 ταῦτα

124 2676 236 2765 3παρ’
259 2676 410 2747 άκόντων
432 2677 617 2766 βούλεσθαι
639 2681 831 2768 λαμβάνειν.
868 2678 1114 2746 ἐπαινεσάντων
1135 2675 1246 2747 δέιεῦκ

159 2784 214 2851 καλ
243 2796 311 2853 τῶν
338 2788 450 2854 άλλων
477 2800 544 2854 τῶν
572 2784 928 2873 συμπαραληφθέντων
955 2787 1004 2863 είς
1029 2787 1067 2852 τὸ
1095 2802 1177 2852 συν-

232 3019 248 3068 ῦ
268 3009 482 3086 ἐπικυρωθῆναι
495 3014 583 3086 νόμον
603 3015 789 3085 ΟμεεεῖετΒ
847 3019 863 3066 9
882 3008 1080 3085 ἐπικυρεῖσθαι
1095 3012 1175 3068 ABG

160 3079 367 3154 ἐπικυροῦσθαι
386 3087 460 3157 Omg
479 3090 508 3143 et
526 3086 659 3142 Gelenius
733 3091 766 3141 10
786 3083 896 3140 *ταῦτδ
916 3083 938 3139 0
958 3084 1067 3140 eorrexi
1141 3090 1174 3139 13

159 3154 239 3225 λόγος
258 3156 280 3211 0
299 3158 428 3229 λογισμὸς
445 3174 468 3215 ο.
483 3157 627 3229 Kiessling
717 3162 751 3212 14
774 3150 824 3223 ἐξα
854 3156 935 3225 εθείη
955 3171 977 3212 ο.
998 3154 1089 3211 Cobet
1107 3153 1174 3214 Obn.

158 3243 185 3295 p.
207 3233 255 3282 181
332 3234 365 3283 16
384 3235 442 3292 τοῖς
460 3229 640 3303 βουλομένοις
659 3228 682 3284 0
700 3230 814 3299 praeter
930 3232 963 3281 11
983 3222 1100 3282 ἐναντία
1117 3225 1176 3295 θή-

159 3314 257 3352 σονται
275 3297 322 3353 Ba
341 3296 600 3370 ἐναντιωθήσονται
618 3301 644 3355 Β,
661 3299 697 3356 cf.
712 3299 802 3356 Cobet
820 3297 886 3354 Obs.
904 3314 932 3366 p.
950 3303 982 3352 12
1007 3300 1012 3368 1
1038 3295 1118 3368 σφίσι
1137 3296 1175 3352 τά

159 3363 231 3422 ὅπλα
250 3369 295 3422 Ba
319 3373 399 3439 σφίσι
415 3372 487 3443 πρὸς
503 3372 539 3428 τά
557 3371 581 3430 ὁ.
600 3373 626 3428 R
714 3378 749 3428 20
773 3366 805 3426 ἐν
824 3369 927 3443 άγνοίηι
944 3368 992 3423 Ba
1010 3371 1043 3424 ut
1060 3367 1174 3424 videtur

159 3444 192 3492 21
217 3438 329 3512 κ<α>ρ’
349 3441 397 3495 Bb
487 3450 523 3498 24
545 3452 600 3499 τῶν
619 3460 673 3500 om.
692 3442 717 3497 A
737 3445 741 3514 Ι
761 3437 1051 3514 παραληφθέντωνΒ
