2656 3974
189 194 255 258 340
612 185 781 238 -Θ-

187 351 348 440 Ἀθήνησι
377 349 407 418 δ’
435 353 596 437 ἄρχοντος
604 307 784 432 ὟΧάρητος,
811 345 971 412 ἐπίπονον
997 346 1129 432 σφόδρα
1151 341 1207 410 καὶ

191 462 365 549 ταραχώδη
389 456 580 544 τὴνάρχήν
603 453 803 538 διετέλεσαν,
825 454 963 538 εἰρήνην
986 449 1048 537 μὲν
1070 454 1208 536 ἄγοντες
1276 467 1284 489 “

193 570 258 636 ἀπὸ
280 578 348 634 τῶν
371 563 497 644 ἔξωθεν
519 559 674 645 πολέμων
692 596 735 606 -
755 558 793 625 ἐν
814 559 936 647 ἡσυχίᾳ
954 559 1018 646 γάρ
1040 555 1083 643 ήν
1101 560 1208 624 πάντα

193 678 233 742 τὰ
261 674 407 759 διάφορα
432 705 470 718 -
495 668 561 734 ὑπὸ
590 663 627 734 δὲ
649 677 717 732 τῶν
739 665 777 732 ἐν
799 674 839 750 τῇ
861 668 957 731 πόλει
980 667 1127 732 στάσεων
1151 665 1239 754 αύχ

168 785 249 850 οτοί
273 777 301 846 τ’
329 781 377 858 είς
403 777 583 851 κινδύνους
611 771 768 859 ἀχθέντες
794 770 850 838 καὶ
877 773 938 856 τήν
965 776 1064 839 πύλιν
1092 774 1209 857 ὀλίγου

112 893 116 902 “
195 890 372 972 δεήσαντες
389 881 558 950 ἀπολέσαι.
590 881 635 958 ὡς
648 881 711 967 γὰρ
726 878 934 944 ἀνεπαύσατο
948 890 1016 944 τῶν
1031 892 1210 965 στρατειῶν

194 997 233 1062 τὸ
255 998 402 1077 πλῆθος,
429 987 483 1056 ἐπὶ
506 990 568 1073 τὴν
592 988 757 1071 διανομήν
780 986 886 1062 εὐθὺς
908 985 1040 1072 ὥρμησε
1063 997 1130 1052 τῶν
1153 988 1211 1071 δη-

161 1103 324 1185 2μοσίων
348 1097 469 1184 ἀγρίαν.
510 1091 554 1180 ήν
575 1094 640 1179 γάρ
663 1116 713 1170 τις
735 1091 773 1158 ἐν
795 1103 865 1169 τοῖς
883 1091 1064 1178 δημάρχοις
1081 1097 1212 1177 θρασὺς

196 1205 253 1274 καὶ
281 1203 391 1289 λέγειν
421 1202 484 1270 οὐκ
512 1199 678 1277 ἀδύνατος
703 1197 805 1285 ἀνήρ,
837 1200 959 1275 Γναῖος
986 1199 1160 1285 Γενύκιος,
1193 1200 1283 1268 61845

158 1341 184 1380 ιο
197 1314 405 1400 παραθήγων
428 1311 486 1386 τὰς
507 1307 609 1394 ὀργὰς
630 1317 697 1372 τῶν
720 1308 881 1390 πενήτων.
922 1305 1020 1382 οὑτος
1041 1306 1214 1391 ἐκκλησίας

199 1419 355 1502 συνάγων
392 1416 544 1482 ἑκάστοτε
580 1411 636 1479 καὶ
673 1411 918 1496 ἐκδημαγωγῶν
954 1416 1033 1490 τοὺς
1068 1412 1215 1501 ἀπύρους

198 1525 446 1613 προσηνάγκαζε
468 1524 547 1598 τοὺς
569 1520 715 1597 ὑπάτους
736 1519 777 1584 τά
799 1519 865 1585 ὑπὸ
888 1527 945 1603 τῆς
967 1523 1091 1606 βουλῆς
1113 1532 1216 1606 ψηφι-

200 1630 325 1698 σθέντα
357 1627 433 1715 περὶ
466 1636 524 1712 τῆς
555 1629 756 1712 κληρουχίας
788 1631 968 1691 συντελεῖν.
1022 1627 1057 1692 οί
1085 1624 1119 1692 δ’
1153 1627 1215 1713 οὐχ

201 1738 375 1821 ὑπήκουον
398 1735 438 1802 οὐ
461 1743 500 1819 πή
525 1730 653 1798 ἑαυτῶν
676 1732 760 1817 ἀρχή
778 1729 931 1815 λέγοντες
949 1731 1160 1819 ἐπιτετάχθαι
1177 1737 1216 1799 τὸ

162 1871 188 1912 15
202 1848 302 1932 ἔργον
329 1843 395 1908 ὑπὸ
423 1850 481 1926 τῆς
508 1843 648 1924 βουλῆς,
675 1838 759 1904 ἀλλὰ
785 1849 855 1915 τοῖς
881 1839 963 1923 μετὰ
985 1840 1137 1906 Κάσσιον
1161 1839 1217 1906 καὶ

204 1951 405 2038 Οὐεργίνιον
436 1946 590 2029 ὑπάτοις,
620 1947 703 2032 πρὸς
736 1943 795 2021 οὑς
824 1943 881 2010 καὶ
911 1947 950 2011 τὸ
981 1948 1219 2033 προβούλευμα

203 2057 344 2145 ἐγράφη·
367 2053 424 2122 καὶ
447 2055 514 2138 ἅμα
537 2049 609 2119 οὐδ’
637 2047 723 2118 εἶναι
744 2055 871 2136 νόμους
893 2054 940 2129 είς
962 2050 1014 2117 ἀεὶ
1036 2056 1175 2137 κυρίους
1198 2055 1220 2120 ἃ

202 2166 377 2249 ψηφίζεται
396 2165 435 2228 τὸ
454 2159 645 2244 συνέδριον,
668 2158 752 2223 ἀλλά
770 2159 991 2244 πολιτεύματα
1008 2170 1134 2245 καιρῶν
1153 2160 1222 2226 ἐνι-

170 2272 323 2342 δαύσιον
342 2272 460 2354 ἔχοντα
479 2267 584 2351 ίσχύν.
616 2266 736 2342 ταύτας
753 2263 1035 2351 προβαλλομένων
1050 2277 1119 2332 τῶν
1136 2267 1223 2332 ὑπά

165 2401 191 2442 ιο
205 2400 272 2443 των
294 2377 352 2452 τάς
374 2377 480 2451 αίτίας
501 2372 667 2449 ἀδύνατος
689 2371 738 2436 ὢν
760 2372 778 2438 ὑ
798 2373 958 2450 Γενύκιος
979 2373 1101 2450 αὐτούς
1119 2372 1224 2458 ἀναγ-

204 2483 303 2550 κάσαι
326 2485 459 2567 μειζονα
482 2479 637 2558 ἐξουσίαν
660 2481 795 2564 ἔχοντας
814 2480 933 2563 ίταμήν
952 2479 1035 2545 ὁδὸν
1052 2477 1222 2565 ἐτράπετο.
1316 2521 1317 2530 1

204 2603 275 2668 τοῖς
303 2591 367 2676 γάρ
396 2587 600 2654 ὑπατεύσασι
628 2587 667 2651 τὸ
696 2587 887 2672 ἔμπροσθεν
914 2587 986 2662 ἔτος
1012 2588 1157 2674 Μαλλίῳ
1185 2610 1222 2651 τε
1316 2605 1317 2632 ³

205 2695 261 2764 καὶ
287 2699 420 2783 Λευκίω
451 2695 548 2777 δίκην
578 2691 737 2777 ἐπήνεγκε
764 2693 946 2776 δημοσίαν,
977 2689 1033 2756 καὶ
1059 2703 1223 2777 προεῖπεν

206 2805 300 2888 ήκειν
318 2800 372 2867 ἐπὶ
389 2802 448 2866 τὸν
467 2800 576 2884 δῆμον
594 2795 915 2882 ἀπολογησομένους,
935 2797 1049 2883 ὁρίσας
1065 2799 1292 2886 ἀντικρυς1846
1316 2813 1317 2830 *

168 2929 194 2971 ω
207 2910 269 2993 τήν
299 2910 408 2974 αίτίαν
437 2915 494 2990 τής
524 2907 633 2989 δίκης,
662 2904 713 2970 ὅτι
740 2905 800 2970 τὸν
828 2906 935 2988 δῆμον
962 2903 1138 2971 ἀδικοῦσιν
1163 2907 1226 2974 οὑκ

208 3013 438 3094 ἀποδείξαντες
456 3015 534 3090 τοὺς
552 3013 631 3078 δέκα
645 3011 780 3097 ἀνδρας,
799 3009 859 3088 οὓς
873 3009 1056 3096 ἐψηφίσατο
1070 3011 1091 3095 ή
1107 3015 1227 3097 βουλή,

282 3249 452 3366 ὅστηχιτιῶν
470 3239 523 3294 ΑΒ
605 3237 784 3294 θδωᾶά.Β
867 3243 900 3292 10
919 3233 1068 3306 ἐκκλησίαν
1087 3240 1113 3293 A
1194 3248 1229 3296 13

211 3315 262 3383 οὑχ
283 3330 336 3368 om.
471 3317 504 3365 14
527 3308 665 3379 τετάχθαι
682 3309 708 3363 Α
798 3313 832 3364 15
854 3308 920 3379 περὶ
937 3308 1062 3366 Κάσσιον
1081 3328 1105 3365 c.
1126 3311 1230 3368 Portus

213 3391 245 3439 16
264 3383 313 3437 καὶ
332 3400 385 3439 om.
401 3383 471 3437 Ba«
520 3388 553 3436 17
572 3382 629 3438 αίελ
648 3381 695 3435 Ba
768 3384 801 3434 18
819 3400 868 3434 και
887 3380 920 3435 δν
939 3376 1083 3440 ἐνιαύσιον
1103 3381 1127 3438 Ο
1146 3401 1232 3454 prae-

211 3455 295 3507 terss
368 3458 402 3506 21
421 3451 566 3525 <ίτ>αμὴν
585 3452 631 3507 Bb
704 3458 738 3507 22
757 3401 924 3524 ΜαλίριρΒὺ
