2674 3978
153 253 197 316 ε.
581 193 742 305 -ι-

151 437 187 479 τε
215 413 463 501 κεχαρισμένοις
491 399 736 500 ἀναλαμβάνων
763 414 819 481 καὶ
846 419 924 493 τοὺς
946 413 1170 502 σφετεριζομέ-

152 545 234 599 νους
259 521 300 586 τὰ
327 522 424 587 κοινοὶ
450 532 518 588 τῶν
547 524 700 588 δυνατῶν
728 520 907 609 ἐξελέγχων
935 521 991 588 καὶ
1018 521 1082 589 ἀπὸ
1104 532 1180 587 τῶν·

154 626 274 694 ἑαυτοῦ
297 628 473 714 χρημάτων
492 631 635 705 πολλοὺς
653 639 720 693 τῶν
739 632 890 713 πενήτων
909 624 947 694 εὖ
966 639 1086 695 ποιῶν·
1116 626 1171 694 καὶ

152 731 196 818 ήν
216 745 286 811 τοῖς
306 736 525 818 προεστηκόσι
544 741 602 817 τής
621 732 872 818 ἀριστοκρατίας
891 735 947 799 διδ
965 732 1057 800 ταῦτ’
1075 734 1241 821 §wax-1321
1293 770 1296 775 ·

126 843 220 925 τθής
242 838 297 905 καὶ
320 841 471 925 φοβερός.

221 946 260 1011 V.
283 947 433 1033 Εἰκοστῷ
457 941 487 1010 δ’
510 945 652 1031 ὕστερον
675 945 740 1011 ἔτει
762 955 820 1030 τής
841 948 925 1031 πρὸς
946 949 1025 1022 τοὺς
1047 947 1171 1031 βαρβό-
1260 971 1263 978 ·

153 1077 235 1139 ρους
262 1052 366 1136 μοίχης
391 1045 501 1134 ήλθον
530 1051 575 1129 ὡς
597 1055 675 1129 τοὺς
697 1055 871 1136 Κυμαίους
890 1048 1073 1138 Ἀρικηνῶν
1096 1049 1172 1137 πρέ-

155 1162 245 1243 σβεις
264 1161 327 1223 σὺν
347 1159 525 1244 ίκετηρίαις
543 1156 712 1237 ἀξιοῦντες
730 1159 852 1237 αὐτοὺς
869 1163 1037 1244 βοηθῆσαι
1056 1162 1172 1244 σφίσιν

153 1264 219 1331 ὑπὸ
239 1268 422 1351 Τυρρηνῶν
441 1264 710 1349 πολεμουμένοις.
739 1267 819 1350 μετὰ
833 1267 896 1350 γὰρ
912 1267 969 1343 τὰς
983 1266 1173 1349 διαλλαγάς,
1269 1300 1272 1305 -

115 1391 142 1454 ¹.⁰
156 1370 194 1447 ἃς
217 1369 394 1454 ἐποιήσατο
412 1372 496 1456 πρὸς
514 1371 575 1454 τήν
588 1367 758 1454 Ῥωμαίων
775 1374 874 1436 πόλιν
895 1372 913 1437 δ
932 1374 1088 1454 βασιλεὺς
1105 1382 1173 1438 τῶν

159 1480 347 1562 Τυρρηνῶν,
361 1479 543 1561 Πορσίνας,
565 1476 625 1540 τὸν
646 1476 723 1540 υίὸν
737 1473 903 1560 Ἀρροντα
922 1477 1003 1552 δοὺς
1020 1478 1081 1560 τήν
1099 1477 1174 1561 ἡμί-

156 1600 249 1649 σειαν
280 1591 338 1666 τῆς
371 1589 524 1667 στρατιᾶς
553 1584 699 1665 ἔπεμψεν
729 1583 821 1647 ίδίαν
851 1580 956 1667 ἀρχήν
985 1585 1173 1666 κτήσασθαι

126 1711 127 1716 ’
156 1691 376 1775 βουλόμενον,
399 1689 444 1765 ὡς
468 1687 504 1753 έν
528 1699 598 1765 τοῖς
619 1690 684 1774 πρὸ
707 1689 827 1755 τούτου
852 1688 1023 1771 δεδήλωκα
1046 1692 1172 1771 λόγοις·

67 1821 72 1832 ·
105 1837 106 1842 1
157 1797 193 1874 ὃς
216 1795 401 1880 ἐπολιόρκει
424 1798 498 1860 τότε
518 1797 596 1871 τοὺς
609 1791 804 1880 Ἀρικηνοὺς
822 1797 1109 1879 καταπεφευγότας
1128 1797 1174 1873 είς

42 1893 45 1898 ’
116 1920 142 1962 1⁵
155 1905 193 1968 τὸ
217 1913 323 1987 τεῖχος
345 1898 400 1965 καὶ
423 1899 464 1967 οὐ
488 1900 544 1965 διὰ
567 1910 695 1985 μακροῦ
718 1905 802 1987 λιμῷ
825 1902 887 1985 τήν
905 1904 1004 1966 πόλιν
1023 1903 1174 1986 αἱρήσειν

120 2007 249 2097 λη’όετο.
294 2008 413 2092 ταύτης
440 2016 497 2091 τής
523 2010 699 2091 πρεσβείας
726 2006 929 2092 ἀφικομένης
956 2009 991 2073 oc
1016 2025 1174 2093 προεστη-

156 2120 249 2192 κότες
280 2124 337 2198 τῆς
368 2112 620 2199 ἀριστοκρατίας
652 2122 826 2197 μισοῦντες
852 2116 911 2179 τὸν
935 2109 1174 2200 Ἀριστόδημον

156 2220 211 2288 καὶ
236 2222 393 2302 δεδιότες,
416 2221 460 2304 μή
483 2242 515 2284 τι
538 2221 641 2285 κακὸν
665 2218 974 2305 ἐξεργάσηται-περὶ
996 2222 1058 2305 τήν
1081 2226 1174 2287 πολι-

157 2330 266 2410 τείαν,
293 2326 470 2392 κόλλιστον
495 2324 664 2410 ὑπέλαβον
687 2324 860 2410 εἰληφέναι
882 2329 999 2411 καιρὸν
1023 2325 1245 2394 έκποδὼν1322
1324 2331 1325 2405 λ

118 2453 146 2492 νο
160 2433 263 2498 αὐτὸν
284 2432 490 2514 ποιήσασθαι
513 2435 577 2496 σὺν
595 2431 776 2517 εὐσχήμονι
794 2425 967 2518 προφάσεί.
1004 2438 1175 2512 πείσαντες
1323 2501 1324 2518 ÷

158 2539 200 2622 δή
222 2541 282 2604 τὸν
306 2540 413 2622 δῆμον
437 2536 627 2603 ἀποστεῖλαι
642 2535 828 2625 Ἀρικηνοῖς
847 2540 1031 2624 δισχιλίους
1049 2541 1174 2627 όίνδρας

158 2642 211 2710 ἐπὶ
241 2647 444 2730 συμμαχίαν,
471 2641 526 2708 καὶ
550 2647 734 2730 στρατηγὸν
748 2642 988 2722 ,ἀποδείξαντες
1009 2648 1068 2711 τὸν
1089 2642 1174 2731 Ἀρι-

160 2752 328 2835 στόδημον
357 2750 401 2827 ὡς
429 2751 471 2834 δή
493 2751 534 2814 τδι
556 2746 697 2835 πολέμια
720 2754 888 2836 λαμπρόν,
915 2751 954 2815 τδ
977 2752 1057 2835 μετὰ
1079 2750 1169 2818 ταῦτ’

160 2861 332 2944 ἔπραττον,
353 2855 385 2934 ἐξ
405 2850 491 2940 ἆνή
510 2860 798 2941 κατακοπήσεσθαι
817 2860 1005 2943 μαχόμενον
1023 2847 1088 2924 ὑπὸ
1107 2870 1178 2950 τῶνΙ

118 2981 145 3024 25
164 2969 346 3050 Τυρρηνῶν
360 2962 462 3028 αὐτὸν
478 2963 715 3048 ὑπελοίμβανονΙ
731 2962 751 3047 ή
769 2964 851 3028 κατὰ
869 2961 1012 3047 πέλαγος
1030 2966 1175 3050 διαφθα-

125 3073 145 3138 3
161 3073 333 3159 ρήσεσθαι.
369 3073 543 3153 γενόμενοι
566 3071 629 3155 γὰρ
648 3069 714 3135 ὑπὸ
732 3078 790 3154 τής
807 3073 931 3155 βουλής
949 3071 1067 3155 κύριοι,
1078 3093 1175 3135 κατα-

160 3176 251 3254 λέξαι
274 3177 351 3252 τοὺς
374 3174 427 3241 ἐπὶ
449 3177 510 3258 τήν
530 3181 719 3261 συμμαχίαν
738 3173 1011 3260 ἐξελευσομένους
1028 3187 1095 3242 τῶν
1114 3173 1176 3260 μέν

233 3365 409 3437 3πενήτων]
428 3371 548 3421 πολιτῶν
566 3369 592 3420 Α
647 3373 681 3420 14
701 3365 730 3430 ὃς
747 3385 817 3424 corr.
838 3385 855 3421 a
873 3385 946 3422 man.
966 3367 1015 3422 alt.
1035 3383 1070 3421 ex
1088 3367 1125 3429 ὡς
1142 3370 1176 3422 ut
1211 3375 1213 3379 ’
1319 3411 1320 3426 ,

80 3435 83 3442 ’
159 3438 273 3494 videtur
294 3438 319 3490 B
343 3434 480 3508 ΙἈρικ<η
504 3437 638 3500 νουςΒλ)
662 3439 799 3494 hocloco
824 3438 943 3507 aliisque
1016 3444 1050 3494 18
1074 3435 1175 3511 κακόν]

112 3527 115 3533 ’
160 3510 261 3565 καινὸν
280 3525 303 3563 ο.
323 3507 448 3562 Sintenis
490 3526 526 3564 m.
545 3508 627 3563 Dion.
645 3509 721 3562 1115
805 3569 807 3574 ,
