2656 3974
548 234 714 288 -Θ-
811 267 814 272 -
1074 235 1140 301 325

120 397 297 483 ἐλευθερία
320 394 349 463 τ’
371 395 554 464 ἀπόλλυται
576 395 632 464 καί
655 398 815 483 ἡγεμονία
832 400 1040 482 καταλύεται,
1061 403 1140 478 τοὺς

119 505 294 582 τοιούτους
316 503 448 587 ἀγῶνας
471 505 597 581 αἰτίους
615 505 752 570 ἔσεσθαι
769 505 852 569 κατὰ
870 507 907 571 τὸ
927 507 1014 582 είκὸς
1033 504 1139 591 ε’λογί-

121 617 226 692 ζοντο.
271 612 474 698 παρακλήσει
502 634 537 675 τε
564 616 670 696 πολλῇ
694 609 838 697 ἐχρῶντο
861 622 928 677 τῶν
952 611 1174 696 δημοτικῶν3

119 721 165 804 μὴ
188 728 398 802 καταγνῶναι
416 725 477 782 τοῦ
496 715 619 802 ἀνδρὸς
635 717 697 800 τὴν
716 719 824 802 δίκην,
847 717 1071 802 διδάσκοντες,
1094 719 1139 796 ὡς

120 825 248 910 μεγάλα
279 823 447 908 βλάψουσι
477 825 541 908 τὴν
572 827 671 890 πόλιν
702 821 755 889 ἐπὶ
785 835 855 902 ταῖς
883 823 1032 910 ἀτυχίαις
1060 828 1139 902 τούς
1165 844 1179 884 5

120 934 325 1019 στρατηγοὺς
353 933 553 1015 ζημιοῦντες.
599 928 670 996 ἐπεὶ
693 929 723 996 δ’
746 932 764 998 ὁ
787 940 848 997 τοῦ
870 930 999 1016 ἀγῶνος
1021 930 1173 1016 εὐὲστη4

119 1040 258 1124 χρόνος,
284 1037 465 1118 παρελθὼν
487 1029 536 1116 εἷς
557 1048 624 1104 τῶν
648 1038 828 1123 δημάρχων
849 1043 1055 1125 κατηγόρησε
1077 1048 1138 1107 τοῦ

48 1144 260 1231 ιενεάυδρός,
282 1144 425 1221 Λεύκιος
447 1146 638 1229 Καιδίκιος,
662 1145 713 1210 ότι
736 1142 780 1210 δι’
807 1145 1003 1232 ἀφροσύνην
1025 1171 1060 1213 τε
1083 1146 1139 1213 καὶ

118 1260 180 1318 τοῦ
209 1260 404 1335 στρατηγεῖν
433 1249 588 1336 ἀπειρίαν
615 1253 663 1328 είς
685 1252 856 1339 πρόδηλον
877 1253 969 1336 ἀγων
993 1254 1138 1338 ὄλεθρον

118 1359 177 1436 τὰς
205 1358 363 1442 δυνάμεις
390 1356 537 1424 ἀπώλεσε
564 1367 623 1443 τῆς
649 1361 775 1435 πόλεως
797 1359 858 1442 την
880 1361 1058 1446 κρατίστην
1081 1357 1138 1424 ἀκ-
1153 1381 1179 1420 ιο

118 1467 201 1550 μην,
234 1462 290 1530 καί
318 1467 349 1530 εί
375 1466 420 1549 μη
448 1475 561 1551 ταχελα
583 1474 643 1532 τοῦ
666 1475 770 1532 κακοῦ
794 1475 916 1549 γνῶσις
939 1463 1069 1549 ἐγένετο
1091 1474 1137 1553 τῷ

119 1572 309 1661 συνυπάτῳ,
331 1569 387 1638 καί
409 1573 492 1638 κατὰ
515 1573 666 1656 σπουδὴν
689 1573 782 1654 ἀγων
805 1574 862 1650 τὰς
883 1573 1041 1657 δυνάμεις
1059 1573 1138 1650 τούς

116 1701 153 1743 τε
175 1682 355 1763 πολεμίους
378 1676 545 1745 ἀνέστειλε
568 1677 721 1756 καὶτοὺς
739 1678 921 1765 σφετέρους
940 1681 1054 1764 ἔσωσε,
1077 1703 1137 1765 μη-

118 1781 179 1850 δὲν
207 1783 250 1850 ἀν
272 1783 432 1868 γενέσθαι
453 1787 490 1851 τὸ
514 1791 669 1852 κωλῦσον
692 1787 823 1852 άπασαυ
846 1786 1054 1853 ἀπολωλέναι
1076 1787 1137 1870 τὴν

118 1888 236 1975 ἑτέραν
260 1891 405 1976 δύναμιν
427 1889 483 1958 καὶ
502 1894 539 1959 τὸ
558 1895 678 1959 λοιπὸν
696 1892 850 1978 ἡμίσειαν
867 1891 1137 1970 ἀντίδιπλασίας
1151 1911 1177 1952 1⁵

116 1993 206 2063 είυαι
233 1999 295 2082 τὴν
321 2000 430 2064 πόλιν.
476 1997 600 2064 τοιαῦτ’
628 2001 731 2066 είπῶν
759 2000 927 2086 μάρτυρας
953 1998 1170 2084 ἐπηγάγετοὸ

116 2105 282 2191 λοχαγούς
303 2128 355 2190 τε,
377 2105 451 2171 ὅσοι
472 2113 652 2192 περιῆσαν,
675 2104 730 2171 καὶ
752 2116 819 2171 τῶν
842 2107 954 2172 ἀλλων
978 2123 1136 2192 στρατιω-

116 2221 185 2277 τῶν
215 2233 324 2294 τινας,
354 2213 390 2278 οἳ
415 2213 453 2278 τὸ
484 2209 611 2278 ἑαυτῶν
641 2215 780 2298 αίσχρὸν
807 2211 861 2278 ἐπὶ
888 2221 928 2298 τῇ
956 2215 1029 2279 τότε
1055 2213 1136 2300 ἥττῃ

116 2341 153 2384 τε
184 2315 240 2384 καὶ
272 2327 362 2404 φυγῇ
396 2322 567 2403 ζητοῦντες
598 2320 832 2386 ἀπολύσασθαι
861 2323 920 2387 τὸν
951 2323 1136 2406 στρατηγὸν

115 2421 259 2512 η’τιῶυτο
278 2434 336 2510 τῆς
354 2422 430 2510 περὶ
447 2427 507 2492 τὸν
524 2426 638 2510 ἀγῶνα
656 2428 867 2510 δυσποτμίας.
902 2424 1001 2493 ἔπειτ’
1024 2424 1136 2494 οίκτου
1150 2448 1176 2490 ιο

117 2529 172 2596 ἐπὶ
201 2540 241 2617 τῇ
271 2539 429 2620 συμφορᾷ
458 2543 526 2598 τῶν
553 2535 626 2599 τότε
654 2535 866 2618 τεθνηκότων
893 2534 1136 2620 καταχεάμενος

8 2687 10 2724 ,
115 2640 226 2704 πολύν
254 2635 310 2703 καὶ
339 2641 377 2704 τὸ
408 2640 522 2706 δεινὸν
553 2639 711 2723 αὐξήσας,
741 2640 781 2705 τά
810 2637 838 2705 τ’
866 2641 968 2724 ἀλλα,
998 2640 1059 2706 ὅσα
1088 2642 1136 2718 είς

115 2746 254 2828 φθόνου
275 2753 371 2830 κοινῇ
395 2747 477 2810 κατά
495 2755 563 2810 τῶν
580 2749 763 2832 πατρικίων
781 2749 944 2832 λεγόμενα
961 2751 1041 2825 τοὺς
1059 2746 1135 2832 μέλ-

116 2855 238 2926 λοντας
264 2846 348 2936 ὑπὲρ
376 2861 437 2917 τού
460 2849 584 2938 ἀνδρὸς
607 2853 787 2935 δεήσεσθαι
811 2853 976 2941 ἀνείρξειν
999 2856 1135 2939 ἔμελλεν

117 2956 154 3022 ἐκ
176 2960 301 3040 πολλῆς
323 2957 508 3041 ὑπεροψίας
530 2961 689 3045 διελθών,
711 2959 883 3048 παρέδωκε
901 2964 961 3028 τὸν
980 2964 1089 3045 λόγον.
1150 2979 1176 3022 25

40 3081 113 3132 1823
182 3062 356 3129 XXVIIII.
386 3068 601 3151 Παραλαβὼν
620 3064 657 3132 δὲ
675 3067 737 3152 την
755 3066 940 3152 ἀπολογίαν
958 3070 976 3135 ὁ
996 3071 1136 3153 Σερουί-

114 3176 186 3248 λιος
209 3165 315 3236 εἶπεν·
345 3173 390 3236 Ec
405 3169 467 3258 μὲν
486 3171 540 3238 ἐπὶ
559 3173 655 3258 δίκην
674 3197 714 3258 με
733 3178 922 3260 κεκλήκατε,
945 3171 1133 3259 ὦπολϊται,

187 3386 221 3436 12
240 3363 402 3454 ἀ<γων>ΒΙ
474 3389 508 3437 13
531 3381 707 3457 σφετέρο<νσ
725 3382 874 3461 ἔσωσε>Β
948 3393 982 3442 14
1005 3385 1133 3442 κωλύσαν

112 3507 135 3560 Β
210 3512 244 3561 21
264 3507 470 3576 καταχεόμενος
488 3508 511 3562 Β
529 3475 735 3580 καταχεόμενος
753 3511 773 3566 O
846 3519 880 3568 26
900 3513 1056 3583 σερουίνιος
1075 3511 1096 3565 Β
