2674 3978
181 225 223 291 76
605 233 767 282 -Ζ-

180 394 347 478 ναιότεροι
364 389 419 457 καὶ
438 393 499 457 οὐκ
516 391 744 476 ἀγαπήσαντες
762 393 843 459 αὐτὸ
861 396 899 459 τὸ
919 396 988 478 ζῆν,
1006 395 1038 459 εί
1054 396 1098 479 μὴ
1115 395 1199 479 μετὰ

181 499 310 564 τούτων
338 496 487 583 ἐμέλλετε
514 510 581 564 τῶν
609 498 747 583 ἀγαθῶν
774 500 975 585 βιώσεσθαι,
1004 501 1062 578 τὰς
1087 503 1198 587 ψυχὰς
1323 583 1324 598 ρ

181 605 223 672 ἀν
245 609 409 692 πρότερον
432 605 452 689 ἀ
475 603 567 672 ταῦτ’
595 603 796 692 ἀφῃρέθητε,
823 605 859 671 οἱ
879 601 940 690 μὲν
963 607 1078 691 εὐθύς,
1107 607 1142 672 οί
1163 606 1195 672 δ’
1323 599 1324 626 ’

145 712 243 779 ὗοώκ
272 715 320 790 είς
349 713 488 798 μακράν.
539 715 576 777 τί
602 713 664 797 γὰρ
697 711 739 777 ἀν
768 714 806 778 τὸ
835 716 989 777 κωλῦσον
1018 707 1061 797 ἦν
1092 713 1199 792 οὕτως

155 820 325 905 εαίσχρώς
347 815 403 882 καλ
425 828 532 895 κακῶς
550 820 707 903 Μαρκίου
725 819 823 883 τοῦδε
842 817 1115 904 ἀναρπασθέντος
1134 821 1200 886 ώσ-

180 947 242 1009 περ
266 923 303 989 ἐν
327 924 446 1011 ἐρημίᾳ
467 920 549 1009 κάμέ
571 925 652 1009 μετὰ
675 935 794 991 τοῦτον
818 923 1030 991 ’ἀπολωλέναι
1059 929 1201 993 διασπα-

182 1029 307 1097 σθέντα
336 1031 402 1097 ὑπὸ
432 1041 498 1096 τῶν
529 1030 680 1116 ἐχθρῶν,
709 1029 764 1097 καὶ
793 1031 933 1114 πάντας,
966 1032 1039 1097 ὅσοι
1069 1030 1197 1100 πώποτ’

181 1138 454 1222 ἠναντιώθησαν,
480 1135 536 1204 καὶ
564 1140 601 1204 τὸ
629 1140 747 1204 λοιπὸν
775 1140 914 1222 ἔμελλον
937 1137 1201 1205 ἐναντιώσεσθαι

182 1254 254 1320 ταῖς
282 1249 485 1330 παρανόμοις
515 1244 709 1331 ἐπιθυμίαις
737 1255 798 1311 τοῦ
831 1247 953 1330 δημον;
990 1245 1031 1310 οὐ
1061 1247 1125 1331 γὰρ
1155 1246 1200 1312 ἀν

142 1373 168 1413 10
182 1347 330 1436 ἠρκέσθη
354 1353 431 1429 τοὺς
454 1353 516 1418 δύο
541 1356 666 1437 μόνους
687 1352 772 1437 ἡμᾶς
795 1351 945 1418 ἐκποδὼν
965 1353 1200 1438 ποιησάμενος,

182 1454 262 1523 οὐδὲ
281 1456 379 1544 μέχρι
394 1455 485 1544 δεῦρ’
509 1458 620 1525 ἐλθών
639 1457 761 1542 ἀπέστη
782 1468 840 1542 τῆς
856 1463 1075 1544 παρανομίας,
1097 1462 1130 1525 εί
1147 1462 1274 1526 &etum

183 1566 223 1630 τὰ
249 1562 413 1649 ’μέλλοντα
441 1568 677 1651 τεκμαίρεσθαι
705 1575 775 1641 τοῖς
807 1568 1001 1651 γεγονόσιν,
1032 1563 1105 1632 ἀλλ’
1137 1564 1196 1651 ἀφ’

182 1671 276 1756 ἡμῶν
296 1669 477 1757 ἀρξάμενος
494 1672 582 1736 ἅπαν
596 1673 633 1737 τὸ
652 1670 834 1737 ἀντίπαλον
852 1668 908 1736 καὶ
922 1672 966 1755 μὴ
981 1668 1073 1738 εἶκον
1087 1673 1199 1759 ὥσπερ

181 1776 380 1864 χειμάρρους
408 1780 513 1855 πολὺς
541 1776 693 1861 ἐμπεσὼν
722 1776 909 1864 παρέσυρεν
941 1777 984 1844 ἀν
1012 1776 1068 1843 καλ
1102 1780 1200 1862 κατή-

143 1904 169 1945 15
182 1907 317 1967 νεγκεν,
345 1880 415 1950 οὔτ’
447 1884 615 1968 εὐγενείας
642 1885 841 1969 φειδόμενος
867 1881 936 1950 οὔτ’
971 1884 1088 1969 ἀρετῆς
1117 1881 1196 1950 οὔθ’

182 1991 319 2075 ἡλικίας.

249 2097 301 2163 LI.
344 2098 472 2174 Ταύτας
502 2096 583 2181 ὑμῖν
611 2096 629 2162 ὁ
658 2098 778 2181 δῆμος,
810 2091 836 2160 a&
864 2100 969 2182 βουλή
976 2148 986 2183 ,
1013 2098 1071 2174 τὰς
1097 2099 1200 2176 καλάς

182 2204 323 2289 ἀμοιβὰς
345 2202 423 2270 ἀνθ’
447 2197 494 2269 ών
513 2205 638 2268 ἔπαθεν
657 2202 839 2289 <ἀγαθῶν>
857 2208 992 2269 πολλῶν
1016 2206 1124 2270 ὄντων
1143 2203 1200 2270 καὶ

183 2311 336 2394 μεγάλων
368 2312 426 2388 τὰς
456 2307 519 2395 μὲν
550 2308 720 2376 ἀπέδωκεν
750 2311 831 2395 ἤδη,
863 2311 921 2387 τός
948 2308 978 2375 δ’
1010 2311 1200 2377 ἀποδώσειν

144 2437 171 2476 ιο
185 2420 337 2500 ἔμελλεν,
363 2418 395 2480 εί
421 2418 466 2501 μὴ
493 2419 531 2482 τὸ
559 2421 713 2483 κωλῦσον
742 2414 819 2502 παρ’
845 2417 931 2501 ὑμᾶς
954 2415 1093 2500 ἐγένετο.
1139 2419 1200 2501 ἀγε

184 2525 225 2608 δὴ
249 2533 315 2588 νῦν
337 2522 473 2588 κάκεῖνα
501 2521 715 2607 ἐνθυμήθητε
737 2523 855 2606 πόλιν,
884 2523 905 2588 δ
933 2525 1013 2608 μετὰ
1040 2535 1138 2591 τοῦτο
1161 2527 1201 2590 τὸ

183 2641 341 2714 γενναῖον
364 2628 419 2696 καὶ
443 2640 579 2715 σῶφρον
597 2629 693 2712 ὑμῶν
712 2631 811 2715 ἔργον
831 2632 982 2716 ἔδρασεν,
1005 2631 1062 2695 ἵνα
1082 2641 1201 2715 γνῶτε,

147 2740 169 2804 2
184 2738 300 2805 ὅντινα
317 2739 379 2824 χρὴ
398 2739 523 2823 τρόπον
542 2735 630 2822 αὐτῷ
648 2733 906 2822 προσφέρεσθαι.
944 2735 1070 2814 ἐκεῖνος
1082 2741 1201 2803 τοίνυν

183 2845 228 2922 ὡς
256 2847 381 2929 ἔμαθεν
408 2844 494 2928 ὑμᾶς
527 2840 636 2908 οὐκέτι
666 2840 828 2932 φέροντας
859 2842 964 2908 αὐτοῦ
995 2844 1057 2928 την
1088 2843 1202 2930 ὕβριν,

256 3078 270 3126 1
291 3072 343 3152 οάηι
361 3070 398 3125 ἀν
417 3088 439 3152 οΖ
458 3070 603 3152 Kiessling
627 3070 632 3134 Ι
657 3069 727 3151 μετὰ
744 3069 779 3124 τὰ
797 3069 903 3124 τούτων
920 3069 944 3124 Β
962 3069 1049 3124 verba
1068 3073 1203 3141 corrupta

183 3159 245 3197 esse
264 3144 294 3196 ολ
312 3158 352 3196 sm
371 3145 484 3196 resntm
502 3158 585 3211 posse
604 3143 637 3196 ut
655 3141 805 3195 scnbatur:
824 3141 895 3195 ἀλλὰ
908 3140 959 3204 τὰς
971 3140 1066 3212 ψυχὰς
1079 3140 1116 3196 ἂν
1130 3142 1202 3212 πρό-

183 3232 265 3283 τερον
283 3212 435 3283 προέμενοι
453 3210 471 3281 ἢ
489 3221 587 3280 ταῦτα,
611 3211 758 3284 ἀνῄρησθε
777 3212 823 3279 ἀν,
843 3211 872 3267 οἱ
888 3211 939 3282 μὲν
958 3229 1016 3281 eqs.
1036 3230 1059 3267 ο.
1074 3213 1201 3268 ὃὶολοωίε

183 3282 347 3410 ἔωιέθι
364 3285 403 3409 Ῑέ
417 3289 475 3410 λ-
544 3285 681 3408 ¹32²?
695 3282 955 3409 ἀλελθλέθι
977 3289 1137 3410 Ρέλῗαα
1165 3292 1201 3410 32

198 3374 277 3410 παε
414 3376 432 3409 α
457 3375 496 3409 ων
519 3375 557 3410 πο
590 3377 611 3409 ω
670 3396 675 3407 .
890 3398 896 3411 .
1139 3399 1145 3412 .

183 3445 236 3481 usu
250 3443 346 3496 praep.
360 3434 415 3495 μθ
433 3423 464 3481 εὖ
480 3424 590 3480 ἔπαθεν
605 3427 656 3479 aut
670 3423 780 3482 ἔπαθεν
795 3427 915 3494 ἀγαθῶν
929 3430 1038 3480 πολλῶν
1052 3425 1200 3483 Cobetl.L

182 3357 490 3572 ῊόγγΒΜ
569 3496 647 3517 Η
723 3496 746 3549 Β
819 3372 839 3424 ε
955 3355 1053 3424 ggQ

237 3518 253 3553 κ
274 3517 335 3553 κειν
359 3517 374 3553 ο
512 3516 581 3567 μετα
598 3516 704 3551 τουτων
