2660 3976
179 245 244 311 104
604 248 766 296 -Z-

177 432 244 494 μου
266 411 466 494 γενήσονται
488 407 669 492 προστάται
691 405 747 476 καὶ
770 407 815 494 μή
838 417 909 483 τοῖς
925 415 1065 492 τυχοῦσι
1082 409 1123 477 τά
1141 407 1199 493 μέ-

177 533 273 599 γιστα
295 517 366 598 εἰκῆ
391 513 652 599 ἐπιτραπήσεται.

243 620 361 688 LXVI.
386 619 435 688 ‘H
451 616 513 704 μὲν
532 620 575 704 δή
593 620 706 706 πρώτη
719 617 892 704 Ῥωμαίοις
910 619 1097 704 ἐμπεσοῦσα
1115 622 1197 704 μετὰ
1321 679 1322 716 ,

176 729 238 813 τήν
261 726 404 811 ἐκβολήν
425 735 493 792 τῶν
511 722 676 809 βασιλέοιν
695 725 808 802 στάσις
826 728 899 811 ἔσχε
917 727 1072 803 τοιαύτας
1088 728 1199 806 αίτίας

149 831 233 900 ικαὶ
265 835 313 909 είς
343 841 442 900 τοῦτο
474 829 657 914 κατέσκηψε
685 833 724 898 τὸ
753 828 858 908 τέλος·
892 829 1039 916 ἐμήκυνα
1068 828 1107 900 δὲ
1135 835 1197 900 τὸν
1321 875 1322 918 3

177 935 262 1024 ὑπὲρ
285 938 395 1004 αὐτῶν
414 940 517 1021 λύγον
534 947 595 1006 τοῦ
613 940 658 1022 μή
677 961 752 1002 τινα
769 937 954 1022 θαυμάσαι,
975 949 1045 1016 πῶς
1062 936 1197 1022 ύπέμειψ

158 1069 241 1136 ,ναν
260 1045 296 1110 ολ
308 1047 476 1130 πατρίκιοι
489 1045 686 1128 τηλικαύτης
699 1042 850 1122 ἐξουσίας
862 1052 998 1129 ποιήσαι
1012 1045 1071 1112 τὸν
1086 1046 1196 1129 δῆμον

176 1152 311 1237 κύριον,
338 1151 416 1218 ούτε
444 1159 574 1235 σφαγῆς
595 1161 664 1216 τῶν
685 1150 832 1234 άρίστεον
855 1150 990 1235 ἀνδρῶν
1012 1150 1197 1236 γενομένης
1238 1210 1241 1216 .
1321 1125 1322 1204 δ

177 1257 253 1324 ούτε
284 1266 409 1342 φυγῆς,
439 1249 513 1324 οἷον
540 1256 578 1322 ἐν
605 1258 721 1334 άλλαις
746 1262 883 1334 πολλαῖς
910 1255 1040 1340 ἐγένετο
1067 1261 1195 1328 πόλεσι.

135 1387 162 1427 ιο
175 1371 279 1430 ποθεῖ
299 1363 363 1449 γὰρ
386 1363 522 1441 ἕκαστος
544 1360 597 1430 ἐπὶ
619 1374 689 1440 τοῖς
711 1361 911 1449 παραδόξοις
928 1362 1114 1447 ἀκούσμασι
1131 1365 1195 1448 τήν

175 1473 285 1538 αἰτίαν
312 1476 435 1554 μαθεῖν
462 1467 518 1536 καὶ
544 1472 581 1536 τὸ
608 1471 727 1538 πιστὸν
754 1468 791 1536 ἐν
818 1470 921 1554 ταύτῃ
945 1473 1075 1537 τίθεται
1096 1473 1194 1556 μόνη.
1321 1503 1322 1544 ι

139 1575 370 1660 δίλογιζόμην
393 1571 469 1659 ούν,
490 1575 543 1642 ὅτι
566 1600 623 1661 μοι
643 1581 771 1642 πολλοῦ
789 1574 843 1642 καὶ
861 1585 922 1644 τοῦ
940 1578 1063 1653 παντὸς
1081 1578 1195 1660 δεήσει

173 1683 289 1759 πιστὸς
317 1677 404 1748 εἶναι
431 1683 450 1750 ὁ
480 1684 593 1765 λόγος,
625 1684 658 1748 εί
684 1691 846 1750 τοσοῦτον
875 1684 961 1767 ἔφην
988 1685 1110 1767 μόνον,
1141 1683 1194 1749 ὅτι

174 1796 327 1873 παρῆκαν
351 1788 387 1853 οί
406 1791 573 1873 πατρίκιοι
595 1798 665 1864 τοῖς
688 1789 878 1872 δημοτικοῖς
898 1789 960 1874 τήν
984 1786 1111 1856 ἑαυτῶν
1134 1791 1266 1858 διν-1471
1321 1817 1322 1890 η

135 1918 161 1958 15
174 1898 343 1979 υαστείαν,
360 1892 416 1960 καὶ
435 1892 510 1972 ἐξὸν
530 1893 642 1970 αὐτοῖς
658 1892 695 1959 ἐν
711 1891 944 1982 ἀριστοκρατίᾳ
957 1895 1194 1964 πολιτεύεσθαι

174 2003 232 2067 τὸν
261 2002 368 2084 δῆμον
397 1998 558 2085 ἐποίησαν
583 2011 650 2066 τῶν
678 2003 842 2084 μεγίστων
864 2000 999 2084 κύριον,
1027 1997 1072 2068 δι’
1094 2001 1133 2078 ἃς
1154 2000 1194 2068 δὲ

175 2108 394 2192 συνεχωρήθη
417 2104 508 2174 ταῦτ’
530 2109 637 2184 αίτίας
656 2104 853 2191 παρέλιπον·
877 2107 933 2174 διὰ
951 2104 1040 2172 τοῦτ’
1060 2106 1194 2192 ἐπεξήλ-

138 2213 241 2278 3θον
269 2211 405 2288 ἁπάσας.
449 2210 506 2278 καὶ
528 2211 643 2297 ἐπειδή
666 2211 727 2298 οὐχ
751 2211 866 2289 ὅπλοις
887 2211 1053 2296 ἀλλήλους
1076 2215 1194 2297 βιασά-

173 2339 268 2402 μενοι
301 2315 356 2382 καὶ
385 2319 734 2404 προσαναγκάσαντες,
765 2317 850 2385 άλλδι
880 2321 992 2401 λόγοις
1020 2322 1195 2399 πείσαντες
1321 2309 1322 2396 J

134 2449 161 2492 το
176 2425 405 2508 μεθήρμοσαν,
423 2427 546 2501 παντὸς
564 2421 693 2508 μάλιστ’
712 2423 893 2508 άναγκαλον
910 2423 1086 2512 ἡγησάμην
1105 2422 1193 2494 εἶναι

172 2530 251 2606 τοὺς
279 2531 399 2612 λόγους
425 2529 536 2596 αὐτῶν
564 2529 765 2614 διεξελθεῖν,
792 2521 843 2608 οἷς
864 2528 930 2597 τότ’
955 2532 990 2598 oc
1010 2533 1193 2600 δυναστεύ-

174 2652 290 2712 σαντες
313 2634 350 2700 ἐν
374 2632 540 2722 ἑκατέροις
561 2635 753 2723 ἐχρήσαντο.
798 2637 1008 2722 θαυμάσαιμι
1032 2635 1064 2704 δ’
1085 2640 1140 2722 ἄν,
1160 2645 1197 2708 εί

172 2764 261 2817 τινες
289 2742 348 2818 τὰς
377 2740 414 2806 ἐν
443 2753 513 2819 τοῖς
540 2740 698 2827 πολέμοις
726 2741 860 2828 πράξεις
889 2741 1033 2829 ἀκριβῶς
1062 2750 1191 2812 οἴονται

173 2848 245 2913 δεῖν
269 2846 487 2934 ἀναγράφειν,
509 2846 565 2916 καί
587 2846 662 2934 περὶ
685 2851 765 2933 μίαν
788 2851 879 2915 ἔστιν
901 2849 955 2916 ὅτε
979 2849 1088 2936 μάχην
1110 2857 1192 2920 πολ·
1260 2883 1263 2890 “

131 2979 157 3022 τε
172 2956 252 3030 λοὺς
279 2953 497 3021 ἀναλίσκουσι
525 2957 663 3040 λύγους,
688 2957 800 3022 τύπων
822 2978 856 3024 τε
879 2957 997 3042 φύσεις
1019 2954 1073 3024 καὶ
1095 2958 1191 3026 ὁπλι-

171 3071 264 3144 σμῶν
297 3061 464 3146 ἰδιότητας
494 3059 550 3128 καὶ
580 3060 706 3140 τάξεων
736 3063 881 3146 τρίπους
911 3060 967 3130 καὶ
996 3075 1191 3150 στρατηγῶν

172 3168 393 3252 παρακλήσεις
416 3165 472 3234 καὶ
493 3161 598 3238 τᾶλλα
621 3167 799 3246 διεξιόντες
821 3168 883 3236 ὅσα
905 3177 963 3253 τῆς
985 3172 1079 3254 νίκης
1102 3177 1191 3239 αίτια

1321 3759 1322 3796 λ

242 3357 368 3424 θαύτῆς
389 3373 414 3414 ο,
435 3357 556 3429 Sylburg
628 3359 849 3428 1360m.131
875 3357 912 3430 εἰ]
938 3355 970 3415 οὗ
990 3361 1066 3417 ABb
1091 3363 1125 3418 ού
1143 3363 1191 3417 Ba

172 3432 205 3482 14
223 3427 442 3501 παρή<κ>ανΒ
503 3436 535 3483 17
554 3428 710 3500 παρέλιπον
728 3434 832 3500 μᾶλλον
852 3430 884 3486 δὲ
902 3431 952 3486 δεδι
970 3435 1096 3490 τούτοΑ
1154 3439 1190 3490 λθ

171 3498 387 3568 μεθηρμόσαντο
407 3516 430 3554 c.
448 3498 552 3554 Reieke
625 3508 659 3556 23
678 3500 728 3568 τάς
745 3501 798 3571 μὲν
817 3501 906 3559 Cobet
924 3502 989 3559 Oba.
1008 3521 1036 3572 p.
1057 3509 1107 3558 151
