2586 3972
480 233 648 285 -Θ-
754 249 802 279 2
896 219 897 222 ‘
1008 231 1072 298 291

60 394 151 477 νάμει
179 398 440 478 φυλαττόμενον.
486 392 542 459 καὶ
569 391 611 478 ἠν
638 395 659 478 ἠ
688 394 772 473 δόξα
797 394 908 461 αὐτῶν
935 395 1073 480 ἀληθής.

60 499 114 578 ἔξω
138 501 204 584 γάρ
225 510 294 566 τῶν
315 496 474 588 τριαρίων
498 499 553 566 καὶ
571 501 695 584 ὀλίγων
715 503 826 575 ἄλλων
844 512 911 567 τῶν
930 501 968 566 ἐν
986 501 1072 588 ἀκμή

60 609 91 670 τὸ
123 609 243 672 λοιπὸν
275 612 405 690 πλῆθος
435 607 590 693 ἐμπόρων
619 631 654 673 τε
684 606 739 673 καὶ
769 611 988 693 θεραπόντων
1017 607 1073 672 καὶ

59 713 273 798 χειροτεχνῶν
295 709 338 799 ἠν
357 713 394 780 ἐν
413 715 517 802 αὐτῷ·
540 717 671 797 γίνεταί
685 737 720 779 τε
736 696 873 780 ’πολλῶν
892 716 939 791 είς
957 713 1072 797 ὀλίγον

60 819 332 887 συνελασθέντων
354 825 493 907 χωρίον·
516 820 592 906 περὶ
616 822 679 908 γάρ
703 833 774 898 ταῖς
796 822 915 898 πύλαις
938 822 956 888 ό
980 820 1072 905 ἀγὼν
1100 842 1112 881 5

59 921 108 1008 ἠν·
133 926 223 1004 ὀξεῖα
241 926 296 993 καί
315 929 439 1013 χαλεπή
459 928 557 1013 μάχη,
576 927 632 993 καὶ
649 927 762 1013 νεκροὶ
779 924 855 1013 παρ’
873 919 1071 1013 ἀμφοτέρων

59 1039 179 1118 πολλοί.
225 1033 263 1099 ἐν
292 1036 399 1123 τούτῳ
429 1044 475 1122 τῷ
506 1037 591 1123 ἔργῳ
622 1035 640 1099 ὅ
671 1058 705 1099 τε
734 1035 914 1116 [Μάλλιος]
945 1035 1106 1112 ύπατος2

61 1138 231 1224 ἐκβοηθῶν
260 1143 327 1226 άμα
357 1151 426 1219 τοῖς
457 1144 627 1224 ἱππεῦσιν,
661 1141 774 1224 έπειάἠ
805 1141 823 1208 ἀ
851 1143 950 1219 ἵππος
978 1145 1072 1207 ἔπεσε

59 1246 327 1332 συγκατενεχθεὶς
353 1233 418 1313 καί
437 1247 601 1325 ἀδύνατος
625 1247 672 1312 ἀν
696 1247 878 1329 ἀναστῆναι
900 1247 966 1312 ὑπὸ
989 1252 1070 1332 πλή-

58 1358 138 1429 θους
163 1351 376 1438 τραυμάτων,
404 1353 609 1436 ἀποθνήσκει
637 1352 692 1419 καί
719 1352 837 1419 πολλοὶ
864 1351 918 1417 καὶ
947 1352 1070 1436 ἀγαθοὶ
1086 1375 1111 1412 10

8 1535 9 1538 χ
58 1457 128 1543 περὶ
151 1460 254 1525 αὐτὸν
276 1461 372 1526 άλλοι
395 1459 475 1526 νέοι.
512 1462 593 1544 μετά
615 1457 652 1524 ἀὲ
671 1462 708 1525 τὸ
727 1460 836 1535 πάθος
853 1455 942 1523 τοῦτ’
966 1458 1070 1536 εὐθὺς
1103 1539 1105 1544 Ι

59 1565 74 1655 ὁ
102 1565 200 1653 χάραξ
229 1567 398 1650 ἡλίσκετο,
426 1566 480 1632 καὶ
508 1566 600 1644 τέλος
628 1563 694 1652 εἶχε
722 1576 790 1643 τοίς
818 1569 1002 1652 Τυρρηνοῖς
1029 1567 1069 1630 τά

15 1693 17 1700 “
59 1674 269 1757 μαντεύματα
317 1677 348 1738 εί
374 1670 435 1758 μὲν
463 1669 525 1739 οὖν
551 1672 787 1758 ἐταμιεύσαντο
810 1674 872 1756 τήν
895 1676 1103 1758 παροῦσαν3

59 1778 208 1864 εὐτυχίαν
235 1778 290 1845 καί
318 1781 374 1844 διὰ
401 1785 551 1864 φυλακῆς
579 1784 678 1866 ἔσχον
706 1781 765 1845 τὸν
787 1780 930 1865 χάρακα,
958 1771 1016 1856 τάς
1037 1777 1065 1844 τ’

9 1883 240 1963 ιιλοάποσκευάς
261 1897 328 1951 τῶν
342 1884 511 1971 Ῥωμαίων
534 1886 694 1972 κατέσχον
713 1884 768 1951 καὶ
787 1886 909 1962 αύτούς
927 1886 1069 1970 αἰσχρῶς
1084 1903 1109 1941 15

59 1989 213 2058 ἀπελθεῖν
236 1993 441 2076 ἠνάγκασαν·
470 2003 534 2059 νῶν
558 1990 594 2058 δὲ
617 1995 700 2079 πρὸς
723 1991 875 2077 άρπαγήν
898 2002 965 2056 τῶν
989 1990 1068 2055 άπο-

8 2181 11 2194 Ι
60 2097 261 2182 λειφθέντων
284 2088 484 2184 τραπόμενοι
507 2097 562 2164 καὶ
585 2098 811 2182 ἀναψύχοντες
833 2100 870 2163 τὸ
894 2097 1013 2162 λοιπὸν
1036 2098 1072 2162 οί

59 2207 185 2282 πλείους
208 2206 314 2298 καλήν
336 2207 444 2292 άγραν
467 2205 503 2271 ἐκ
525 2217 593 2271 τῶν
615 2215 737 2292 χειρῶν
759 2203 984 2300 ἀφῃρέθησαν.
1023 2203 1069 2281 ὡς

60 2311 116 2395 γάρ
145 2311 338 2396 ἀπηγγέλθη
368 2311 499 2402 θατέρῳ
530 2325 597 2379 τῶν
626 2312 763 2378 ὑπάτων
790 2311 810 2394 ἠ
839 2320 899 2376 τοῦ
926 2309 1068 2396 χάρακος

59 2417 184 2501 άλωσις,
206 2417 359 2502 ἠπείγετο
383 2421 446 2484 σὺν
469 2430 538 2495 τοῖς
561 2418 708 2504 ἀρίστοις
732 2413 857 2482 ίππέων
871 2439 914 2480 τε
937 2414 993 2481 καὶ
1011 2438 1067 2481 πε-
1081 2436 1108 2474 νο

49 2522 126 2598 ’ζῶν
170 2522 225 2589 καὶ
251 2524 287 2589 οί
312 2523 480 2610 Τυρρηνοὶ
502 2527 668 2608 μαθόντες
692 2522 794 2588 αὐτὸν
818 2520 953 2587 ἐπιόντα
975 2525 1102 2606 περι-4

59 2630 286 2715 εστεφάνωσαν
308 2633 367 2696 τὸν
389 2631 527 2717 χάρακα,
551 2630 636 2714 μάχη
661 2627 689 2693 τ’
712 2629 823 2695 αὐτῶν
844 2631 971 2711 γίνεται
989 2651 1067 2712 καρ-

60 2736 130 2820 τερά
156 2747 224 2801 τῶν
252 2733 314 2820 μὲν
342 2736 580 2802 ἀνασώσασθαι
608 2734 827 2819 βουλομένων
851 2736 891 2800 τά
915 2733 1067 2820 σφέτερα,

60 2841 185 2925 τῶνδέ,
204 2845 250 2939 μή
268 2842 413 2909 πασσυδὶ
432 2845 669 2927 διαφθαρῶσιν
687 2841 827 2919 ἁλόντος
839 2850 900 2908 τοῦ
914 2840 1067 2926 χάρακος,
1184 2913 1187 2922 ,

60 2948 261 3017 δεδοικότων.
311 2953 435 3034 χρόνου
463 2946 500 3014 δὲ
527 2947 708 3033 γινομένου
735 2952 890 3024 πλείονος
917 2943 971 3010 καί
999 2956 1067 3010 τῶν
1081 2963 1106 3004 ει
1160 3014 1162 3020 ,

65 3058 238 3142 Τυρρηνῶν
260 3057 367 3122 πολλά
390 3057 680 3122 πλεονεκτούντων
695 3093 735 3101 -
753 3050 796 3138 ἠν
819 3054 882 3138 γάρ
902 3051 1014 3128 αὐτοῖς
1032 3050 1065 3129 ἐξ

125 3290 138 3338 λ
159 3285 174 3339 ό
193 3304 222 3339 τε
240 3283 347 3346 ύπατος
361 3282 487 3346 Μάλλιος
505 3283 528 3337 Β
547 3281 606 3337 ὅτε
620 3287 660 3338 Μ.
675 3285 700 3338 ύ.
716 3284 741 3338 R
758 3279 885 3343 Μάλλιος
903 3278 958 3334 del.
972 3277 1066 3334 Kiess·

59 3350 114 3422 ling
186 3360 219 3409 14
238 3351 314 3424 εἷχον
333 3355 356 3411 Ο
376 3353 458 3424 ἔσχον
477 3354 636 3423 Stephanus
710 3358 743 3406 16
762 3350 898 3420 κατέσχον
917 3349 954 3404 ἂν
972 3367 995 3405 ο.
1015 3348 1066 3403 Go-
1134 3415 1138 3422 Ι

60 3422 103 3478 bet
120 3426 184 3480 Obs.
210 3443 235 3495 p.
255 3431 306 3481 174
380 3433 412 3480 16
430 3425 590 3494 ἠνάγκαζον
610 3424 633 3478 Ο
651 3423 818 3493 ἠνάγκασαν
838 3422 960 3491 Sylburg
1034 3428 1065 3476 17

61 3495 87 3548 τό
104 3497 201 3552 λοιπὸν
221 3497 286 3552 add.
305 3496 328 3549 B
346 3496 395 3551 τὸν
413 3495 503 3551 κόπον
522 3513 544 3551 ο.
560 3495 703 3564 Kiessling
859 3511 862 3516 '

811 3564 816 3577 '
851 3585 905 3637 ιο*
