2674 3978
557 235 717 283 -Ζ-
1101 236 1143 300 εε

62 427 65 432 ·
123 394 183 470 τὰς
206 395 388 477 διαλλαγάς
410 397 568 478 πλείστην
591 386 849 478 ἀποδειξάμενος
865 400 1059 480 προθυμίαν
1081 423 1143 480 φα-

122 511 230 584 νερῶς
247 499 303 566 καὶ
321 503 395 565 τότε
414 508 461 589 τῷ
486 502 580 590 δήμῳ
604 490 831 585 συνελάμβανε
855 499 910 566 καὶ
933 505 1035 585 λόγον
1058 505 1143 584 διεξ-

122 610 209 689 ῆλθε
243 608 323 690 μετά
355 610 480 691 πολλῆς
507 611 726 692 συγκείμενον
753 608 949 694 φροντίδος,
984 607 1143 693 ἐπιτιμῶν

122 707 187 796 μέν
209 724 279 789 τοῖς
302 713 364 779 οὐκ
386 713 464 779 ἐῶσι
492 717 572 799 μίαν
600 709 686 779 εἶναι
711 715 774 798 τὴν
801 717 916 797 πόλιν,
945 713 1029 779 άλλά
1057 717 1141 780 διαι-

123 829 223 904 ροῦσι
240 821 278 885 τὸ
298 821 478 904 δημοτικὸν
496 820 561 887 άπὸ
580 832 647 887 τῶν
664 825 845 907 πατρικίων
868 819 923 887 καὶ
947 822 1003 886 διὰ
1023 823 1142 908 μικράς
1168 846 1181 888 ε

121 926 307 1011 προφάσεις
333 925 498 1011 πολέμους
525 926 800 1014 ἀναζωπυροῦσιν
824 926 1020 1013 ἐμφυλίους·
1050 927 1140 993 ἐπαι-

121 1041 194 1097 νῦν
222 1029 260 1098 δὲ
287 1036 365 1110 τοὺς
391 1035 429 1099 ἓν
456 1036 493 1100 τὸ
523 1032 695 1119 συμφέρον
717 1032 773 1100 καὶ
795 1036 911 1101 κοινὸν
934 1033 1141 1119 ἡγουμένους

120 1137 178 1203 καί
201 1138 297 1206 πάντ’
324 1140 445 1206 ἐλάττω
469 1149 526 1224 τῆς
549 1141 705 1226 ὁμονοίας
727 1142 935 1228 τιθεμένους,
958 1145 1140 1230 διδάσκων,
1164 1216 1166 1221 ,

122 1246 180 1328 ὡς,
203 1248 234 1310 εί
253 1245 383 1330 γένοιτο
401 1256 459 1332 τῆς
477 1249 571 1334 δίκης
589 1249 607 1314 ὁ
628 1250 741 1334 δῆμος,
765 1250 874 1334 ὥσπερ
894 1249 992 1332 άξιοῑ,
1014 1252 1140 1338 κύριος,

120 1351 178 1417 καὶ
205 1354 329 1438 ταύτην
357 1356 446 1441 παρὰ
477 1366 537 1422 τοῦ
570 1358 750 1442 συνεδρίου
781 1357 842 1440 τὴν
874 1357 971 1442 χάριν
1005 1354 1138 1435 ἑκόντος
1153 1380 1178 1419 10

52 1460 232 1544 ιιεελάβοι,
254 1461 336 1547 τάχα
354 1458 416 1547 μὲν
434 1460 507 1527 οὐδ’
529 1461 690 1542 έπέξεισιν
709 1464 784 1548 άχρι
803 1460 928 1545 τέλους,
951 1460 1022 1528 ἀλλ’
1044 1463 1139 1549 άρκε-

122 1565 218 1644 σθελς
236 1567 325 1654 αῦτςῦ
345 1577 391 1656 τῷ
409 1567 642 1655 κεκρατηκέναι
655 1580 716 1636 τοῦ
731 1571 879 1654 σώματος
898 1568 1138 1656 ἐπιεικέστερον

121 1671 294 1757 μᾶλλονῆ
321 1676 550 1759 χαλεπώτερον
573 1675 661 1762 αὐτῷ
684 1678 849 1761 χρήσεται.
895 1677 926 1741 εί
954 1673 986 1741 δ’
1013 1677 1077 1762 άρα
1101 1675 1172 1744 gu?

121 1783 246 1857 παντὸς
263 1777 427 1864 οἰομένων
444 1783 570 1865 τρόπου
588 1791 655 1845 τῶν
674 1780 852 1866 δημάρχων
866 1778 959 1858 τέλος
973 1779 1139 1846 ἐπιθεῖναι

120 1887 238 1969 <δείν>
261 1889 405 1971 νόμιμον
431 1895 471 1972 τῇ
500 1887 576 1973 δίκῃ
599 1895 656 1971 τῆς
678 1889 793 1972 ψήφου
816 1890 990 1972 γενήσεται
1012 1888 1138 1972 κύριος,
1153 1909 1178 1950 15
1227 1955 1228 1958 ,

120 1991 281 2058 ἀπολύσει
311 1995 371 2058 τὸν
398 1993 504 2079 άνδρα
532 2000 589 2076 τῆς
615 1995 721 2070 αίτίας
748 1995 945 2078 αίδούμενος
973 1989 1034 2078 μέν
1057 1994 1138 2060 αὐτὸ

119 2101 157 2164 τὸ
185 2101 388 2166 κινδυνεῦον
419 2111 527 2184 σῶμα,
560 2095 601 2164 οὖ
632 2100 739 2164 πολλά
766 2098 822 2165 καὶ
851 2101 935 2165 καλά
963 2102 1043 2182 ἔργα
1072 2103 1139 2186 ἔχει

120 2212 324 2289 μεμνῆσθαι,
342 2203 585 2282 ἀνταπόδιδοὺς
605 2201 642 2270 δὲ
656 2206 780 2290 ταύτην
794 2207 855 2290 τὴν
868 2206 966 2291 χάριν
979 2215 1019 2290 τῇ
1033 2228 1138 2291 παρα-

120 2313 247 2398 σχούσῃ
266 2313 328 2396 τὴν
346 2310 498 2390 ἐξουσίαν
518 2311 606 2400 αὐτῷ
625 2315 731 2397 βουλῇ
750 2310 804 2377 καὶ
821 2315 904 2397 πρὸς
917 2307 1023 2397 μηδὲν
1042 2311 1138 2378 ε’ναν-

119 2421 280 2503 τιωθείσῃ
303 2427 369 2483 τῶν
392 2422 543 2502 μετρίων.
588 2429 743 2503 παρεῖναι
761 2416 875 2502 μέντοι
892 2426 932 2502 τῇ
956 2419 1033 2503 δίκῃ
1056 2403 1178 2518 συν-ζ’0

120 2525 277 2608 εβοῦλευε
295 2522 352 2588 καὶ
369 2530 674 2607 συναπολογεῖσθαι
691 2531 737 2612 τῷ
757 2521 856 2609 άνδρί
874 2522 929 2588 καὶ
950 2526 1009 2589 τὸν
1028 2525 1136 2609 δῆμον

119 2629 237 2708 ἀξιοῦν
260 2625 368 2715 μηθέν
392 2631 575 2713 διαγνῶναι
598 2628 674 2717 περὶ
697 2629 801 2695 αὐτοῦ
830 2631 975 2715 χαλεπὸν
998 2630 1076 2706 τούς
1097 2627 1133 2694 θ’

118 2737 266 2813 ὑπάτους
293 2739 348 2802 καὶ
376 2740 453 2814 τοὺς
480 2736 516 2802 ἐκ
543 2747 604 2803 τοῦ
633 2738 812 2822 συνεδρίου
835 2731 1036 2812 πάνταςκαὶ
1058 2737 1137 2810 τοὺς

119 2844 242 2919 ἄλλους
267 2846 460 2928 πατρικίους
486 2844 568 2909 κατὰ
596 2848 725 2927 πλῆθος
756 2841 991 2927 ἀφικομένους·
1024 2843 1136 2907 συνοί-

189 3074 206 3123 5
225 3069 276 3124 διὰ
294 3068 396 3138 μικράς
413 3067 535 3140 πολέμου
554 3068 712 3140 προφάσεις
730 3071 754 3123 A
770 3047 799 3123 δ.
819 3088 845 3138 μ.
865 3066 1004 3138 πολέμους
1021 3086 1050 3121 π.
1066 3066 1088 3119 Β
1108 3070 1133 3122 δ.

120 3149 219 3232 μικρᾶς
237 3138 406 3230 προφάσεως
422 3158 452 3194 π.
463 3141 492 3230 'C
512 3157 580 3196 corr.
601 3140 705 3196 Reiske
737 3210 743 3221 ·
777 3139 900 3210 θάσπερ
919 3139 934 3194 ὁ
953 3141 1041 3230 δῆμος
1060 3139 1139 3205 ἀξιοῖ

119 3231 213 3337 λλλλέ
223 3217 287 3337 531³.
305 3212 710 3353 ίλάλλλῖρέκῖἶῗέοὶῗὶῗ
723 3210 873 3335 ἒῖιλέεῃ
887 3208 1134 3350 ίὲιῖξίεῗὲῗλῖ

119 3371 145 3422 p.
159 3360 193 3409 29
284 3359 319 3479 13
337 3353 389 3421 τὴν
408 3353 496 3422 αὐτὴν
515 3353 598 3424 χάριν
617 3354 639 3409 Ο
659 3371 728 3410 corr.
749 3351 873 3406 Sintenis
892 3353 951 3408 Em.
971 3351 1052 3407 Dion.
1072 3353 1134 3408 128

120 3431 151 3478 θλ
168 3433 276 3495 γνῶναι
344 3425 500 3492 διαγνῶναι
520 3424 642 3494 Sylburg
732 3429 767 3478 24
787 3426 874 3477 οίσειν
893 3441 916 3479 ο.
936 3423 1044 3493 Kayser
1061 3423 1134 3477 Anu.

119 3496 184 3565 phil.
204 3502 276 3552 1868
295 3509 326 3566 p:
338 3499 391 3549 ειε

936 3582 973 3636 6*
