2660 3976
560 209 727 259 -H-
1086 206 1152 271 145

132 367 252 438 πολλοὶ
275 368 331 435 καὶ
354 381 420 435 τῶν
439 369 551 434 άλλων
569 367 751 454 συμμάχων
768 368 881 453 κρύφα
900 369 1153 454 συνελάμβανον

9 549 11 560 ,
133 489 203 554 τοῖς
227 477 455 552 Οὐολούσκοις
482 475 544 542 ούκ
566 474 631 540 άπὸ
654 474 877 560 ψηφισμάτων
899 473 972 540 οὐδ’
996 475 1060 540 άπὸ
1083 499 1152 542 κοι-

133 592 197 652 νοῦ
221 583 387 667 δόγματος
409 579 667 658 ἀποστέλλοντες
688 581 803 660 αὐτοῖς
823 582 883 659 τάς
903 585 1101 668 συμμαχίας,
1122 585 1155 647 εί

133 687 175 756 δέ
198 706 288 755 τισιν
315 685 360 773 ἦν
386 686 605 774 βουλομένοις
631 684 778 773 μετέχειν
804 696 863 772 τῆς
883 676 1061 774 Ιστρατείας
1084 699 1154 755 τῶν

133 794 321 881 σφετέρων,
350 794 411 880 οὐχ
439 795 529 871 ὅπως
555 793 808 880 ἀποτρέποντες,
838 793 922 860 ἀλλὰ
947 793 1004 860 καὶ
1029 814 1180 881 παρορι

134 914 269 989 μῶντες.
320 897 525 984 έγεγόνει’
496 923 516 965 τ
555 899 639 984 <έν>
666 899 708 966 ού
733 906 847 989 πολλῷ
872 905 983 1033 χρόνῳ
1009 902 1190 983 τοσαύτη4

135 1011 279 1094 δύναμις
296 1005 373 1094 περὶ
390 1009 468 1084 τοὺς
483 1006 730 1090 Οὐολούσκους,
748 965 882 1118 ὅσηύ’
845 1029 886 1074 ου
899 1009 1014 1074 πώποτ
1017 1003 1154 1092 ’ἔσχον,

136 1115 189 1181 ὅτε
219 1111 350 1200 μάλιστ’
380 1115 487 1198 ήκμαζ
486 1137 527 1180 ον
555 1113 629 1191 ταῖς
654 1089 806 1179 πόλεύιν·
835 1113 878 1198 ἣν
905 1113 1154 1199 έπαγόμενοςὸ

134 1222 292 1308 Μάρκιος
321 1218 478 1306 ἐνέβαλεν
507 1213 667 1296 αύθιςέ
636 1243 683 1296 ες
708 1219 770 1302 τήν
792 1216 961 1304 Ρωμαίων
987 1229 1067 1305 γῆν,
1099 1218 1155 1286 καὶ

136 1327 395 1411 ἐγκαθεζόμενος
416 1324 541 1412 ἡμέρας
563 1326 689 1410 συχνας
713 1323 814 1412 ε’δήου
836 1335 895 1410 τῆς
916 1335 988 1410 γῆς,
1011 1325 1095 1411 ὅσην
1118 1325 1155 1392 έν
1170 1350 1221 1388 ιο·

135 1442 176 1518 τῇ
212 1436 376 1520 πρότερον
412 1435 548 1518 είσβολή
580 1431 747 1518 παρέλιπε.
797 1432 958 1516 σωμάτων
994 1428 1056 1517 μὲν
1092 1427 1192 1502 οὖνὸ

137 1537 328 1625 ἐλευθέρων
350 1537 462 1606 οὐκέτι
484 1544 617 1606 πολλῶν
640 1538 800 1626 ἐγκρατής
822 1537 952 1622 ἐγένετο
974 1539 1056 1604 κατὰ
1077 1540 1156 1604 ταύ-

135 1668 199 1730 την
221 1645 283 1728 τήν
307 1649 494 1732 στρατείαν·
517 1645 553 1712 οἱ
572 1647 635 1733 γάρ
655 1647 831 1734 άνθρωποι
848 1647 889 1712 τά
906 1650 1063 1713 πλείστου
1081 1644 1157 1724 άξια

137 1751 423 1835 συσκευασάμενοι
441 1754 641 1836 παλαίτερον
660 1753 708 1816 ἔτι
726 1753 1022 1839 κατεπεφεύγεσαν,
1045 1751 1081 1820 ol
1096 1749 1158 1837 μὲν

136 1859 186 1934 είς
208 1856 270 1940 τήν
292 1860 409 1942 πόλιν,
436 1858 471 1925 οἱ
492 1855 524 1922 δ’
546 1860 593 1935 είς
613 1858 655 1923 τά
677 1862 819 1941 πλησίον
841 1860 1003 1945 φρούρια,
1030 1865 1065 1924 εί
1081 1881 1158 1924 τινα
1172 1877 1200 1919 15

63 1957 182 2048 Ῑσσοήν
206 1961 407 2048 ἐχυρώτατα·
435 1964 476 2030 τά
499 1959 537 2030 δὲ
559 1964 750 2048 βοσκήματα
772 1963 898 2048 αὐτῶν,
922 1965 984 2030 ὅσα
1007 1965 1069 2050 οὐχ
1091 1957 1162 2031 οἶοί

136 2067 170 2134 τ’
195 2063 282 2154 ἦσαν
305 2068 479 2153 ἀπελάσαι,
501 2066 557 2134 καὶ
575 2071 655 2146 τοὺς
672 2067 833 2153 νέμοντας
850 2070 1060 2156 θεράποντας
1077 2076 1159 2157 λαμ-

137 2175 236 2260 βάνει
258 2179 318 2242 τόν
340 2199 376 2242 τε
399 2187 493 2241 σῖτον
511 2174 615 2261 <τὸν>
634 2172 689 2242 ἐπὶ
706 2186 779 2254 ταῖς
796 2177 921 2242 άλωσιν
939 2179 988 2242 ἔτι
1006 2180 1159 2263 κείμενον

137 2279 195 2348 καὶ
221 2284 302 2359 τοὺς
327 2283 450 2360 άλλους
476 2283 637 2368 καρπούς,
664 2284 743 2360 τοὺς
768 2278 830 2366 μὲν
853 2281 891 2348 ἐν
912 2280 1027 2370 χερσὶν
1049 2285 1160 2368 ὄντας,

137 2390 218 2465 τοὺς
236 2384 274 2452 δὲ
292 2384 348 2453 καὶ
367 2386 689 2473 συγκεκομισμένους
707 2387 899 2474 ἀναιρεῖται.
928 2393 1159 2477 προνομεύσας
1174 2372 1195 2435 6

24 2542 28 2549 -
139 2491 178 2562 δὲ
209 2491 265 2559 καὶ
299 2495 532 2581 διαπορθήσας
558 2496 688 2561 ἅπαντα
715 2495 858 2572 οὐθενὸς
885 2495 986 2580 ὁμόσε
1013 2506 1160 2584 χωρῆσαι
1173 2447 1201 2486 ²⁰

137 2602 367 2684 τολμήσαντος
394 2599 521 2684 άπήγεν
548 2597 597 2666 ἐπ’
627 2607 723 2668 οίκου
748 2601 811 2684 τήν
837 2602 996 2687 στρατιὰν
1022 2605 1161 2688 βαρεῖαν

139 2702 249 2774 οὖσαν
276 2707 342 2791 ήδη
365 2704 420 2795 ζτῷ
446 2711 570 2792 πλήθει
596 2717 664 2774 τῶν
692 2707 863 2792 ὠφελειῶν
889 2705 946 2772 καὶ
973 2713 1074 2794 σχολή
1101 2730 1162 2774 πο-

137 2809 336 2900 ρευομένην.

208 2917 320 2986 XVII.
354 2918 444 2984 Οίύ
423 2915 694 2988 δὲθύολοῦσκοι
719 2921 758 2986 τὸ
785 2919 929 3006 μέγεθος
951 2929 1012 3007 τῆς
1032 2925 1162 3007 κομιζο-
1147 2947 1204 2988 -ιε

214 3039 362 3096 στεΟτ
364 3035 423 3096 ’νέ
441 3040 572 3096 Hertlein
588 3040 706 3096 Hermes
724 3042 751 3096 X
769 3049 821 3098 417
894 3042 1027 3112 8ήιιμαζ
992 3045 1120 3105 αεταῖς
1137 3043 1163 3096 A

138 3117 204 3176 ταῖς
226 3111 342 3167 πόλεσιν
364 3111 542 3194 Kiessling
533 3129 564 3166 m
587 3112 776 3195 suspicionem
799 3117 936 3170 vocat-
956 3109 987 3170 ἒν
1005 3133 1049 3168 τοι
1039 3135 1064 3178 ις
1081 3113 1164 3170 πολέ-

140 3203 206 3254 μοις
223 3183 347 3238 fortasse
367 3181 547 3238 scribendum
566 3199 627 3238 esse
646 3201 668 3241 ο.
684 3183 832 3239 Reiske-
843 3183 1016 3255 Grasberger
1035 3185 1164 3240 defendit

139 3205 310 3324 Philologus
330 3258 364 3308 28
383 3258 514 3324 (1869)p
517 3261 594 3310 ,34‘1
651 3262 684 3310 13
703 3273 771 3326 ατρα
752 3255 836 3310 αιτὰν
853 3257 879 3308 A
934 3263 968 3311 14
986 3276 1058 3312 κατα
1040 3257 1164 3326 αύ-πεφε

142 3325 272 3395 γεσανΒ
328 3329 362 3380 15
386 3327 445 3380 εέτ
447 3272 578 3382 wapB⁵
559 3345 643 3380 ατινα
660 3326 686 3380 R
759 3331 792 3381 18
815 3326 864 3382 τὸν
884 3325 947 3382 add.
967 3327 1071 3382 Reiske
1091 3331 1096 3398 ή
1117 3324 1164 3384 ἐπὶ

142 3396 166 3452 Ο
191 3391 223 3452 ἐν
247 3395 337 3451 Cobet
361 3394 428 3451 obs.
445 3414 474 3466 p
495 3401 546 3451 158
618 3402 652 3452 25
675 3405 725 3468 τῆς
746 3395 929 3468 κομιζομένης
951 3399 1028 3462 λείας
1046 3399 1203 3470 ὁρῶντες

142 3484 198 3522 om.
218 3467 265 3521 Ba
283 3467 349 3521 add.
369 3467 446 3538 Bmg

197 3567 571 3609 »mmmmm
970 3563 1004 3612 10
