2586 3972
459 263 684 312 ’-Η-·
1042 261 1106 324 227

101 425 199 504 μαίων
227 422 336 498 ἱππεῖς
363 419 446 506 <έν>
473 422 562 499 τάξει
589 421 812 505 ἠκολούθουν.
864 420 935 487 ἐπεὶ
962 419 999 488 δέ
1025 423 1146 506 πρὸςὶ

100 537 138 615 τῷ
160 527 295 613 ἐρύματι
313 523 412 611 ἦσαν,
436 525 530 614 ἑτέρα
553 531 680 610 γίνεται
698 527 783 613 μάχη
808 539 874 592 τών
894 526 1019 594 ἱππέων
1038 529 1107 596 ἐπι-

98 637 276 718 βαινόντων
299 645 369 711 τοῖς
391 611 683 720 περισταυρώμασι
705 635 787 700 κατά
810 635 917 699 πολλά
940 634 1023 720 μέρη
1046 646 1106 702 τοῦ

98 742 232 826 χάρακος
255 740 345 820 ὀξεῖα
372 739 428 806 καὶ
455 744 685 826 παλίντροπος.
731 740 951 825 πονουμένων
980 738 1017 806 δέ
1040 753 1107 808 τών

93 844 253 932 Ῥωμαίων
283 847 302 913 ὁ
331 846 460 924 ύπατος
486 848 643 925 κελεύσας
673 859 744 925 τοϊς
764 851 875 927 πεζοίς
896 847 982 932 ὐλην
1004 865 1106 931 προσ·
1133 869 1147 910 ε

97 953 286 1038 ενέγκαντας
305 953 476 1039 ἀποχῶσαι
493 954 552 1032 τάς
568 954 727 1039 τάφρους,
745 964 877 1038 πρῶτος
890 954 1006 1040 ἐχώρει
1024 957 1106 1021 κατὰ

95 1063 129 1126 τὸ
156 1060 310 1146 ἐπίβατον
338 1063 424 1146 έχων
451 1063 529 1138 τούς
555 1060 710 1145 ἀρίστους
732 1072 799 1126 τῶν
825 1058 951 1126 ἱππέων
973 1060 1027 1127 έπὶ
1049 1063 1107 1140 τάς

16 1189 17 1192 ’
96 1165 297 1254 ἐχυρωτάτας
323 1176 384 1233 τοῦ
411 1168 555 1252 χάρακος
582 1168 702 1244 πύλας·
736 1166 932 1244 ἀναστείλας
964 1164 1003 1233 δὲ
1029 1172 1108 1246 τούς
1230 1171 1233 1176 ’

93 1276 153 1358 πρὸ
175 1274 288 1340 αὐτῶν
310 1271 518 1359 μαχομένους
540 1271 596 1338 καὶ
614 1275 692 1350 τοὺς
712 1273 938 1357 καταρράκτας
955 1286 1022 1340 τών
1044 1296 1107 1340 πυ-

15 1413 17 1422 ÷
93 1385 157 1446 λῶν
179 1383 343 1460 διακόψας
365 1379 458 1457 έντὸς
481 1378 628 1464 ἐγεγόνει
650 1391 717 1445 τῶν
740 1378 925 1466 έρυμάτων,
951 1377 1007 1445 καὶ
1029 1383 1107 1458 τούς
1121 1407 1147 1446 ιο

15 1563 16 1570 χ
93 1485 240 1564 ἐπιόντας
271 1497 339 1552 τών
375 1484 544 1572 σφετέρων
576 1489 681 1565 πεζῶν
714 1485 850 1572 ἐδέχετο.
911 1489 1038 1563 Τύλλος
1070 1483 1140 1561 δ’8

85 1591 208 1672 ’Ἀττιος
231 1596 317 1684 έχων
339 1597 418 1670 τούς
440 1592 747 1680 ἐρρωμενεστάτους
763 1591 824 1660 καὶ
845 1593 1106 1678 εὐτολμοτάτους

15 1707 17 1778 γ
93 1700 314 1768 Οὐολούσκων
342 1701 443 1784 ὁμόσε
470 1700 560 1787 αὐτῷ
586 1702 690 1786 χωρἐῑ
714 1698 770 1766 καὶ
798 1702 904 1767 πολλά
928 1703 1007 1788 ἔργα
1030 1724 1106 1784 γεν-

15 1791 164 1873 ῚΙοοοναῑα
192 1806 464 1891 ἀποδειξάμενος·
491 1802 535 1890 ἦν
562 1805 625 1892 γάρ
653 1806 839 1892 ἀγωνιστὴς
866 1805 927 1893 μέν
950 1805 1105 1891 πολέμων

91 1911 209 2000 σφόδρ’
229 1915 379 1999 άλκιμος,
398 1923 618 2000 στρατηγῆσαι
638 1911 668 1978 δ’
687 1915 747 2001 οὐχ
769 1915 895 1993 ἱκανός·
914 1916 980 1982 ὑπὸ
999 1916 1105 1979 κόπου
1120 1937 1145 1978 ιε

90 2045 122 2087 τε
145 2019 201 2088 καὶ
223 2024 376 2106 πλήθους
402 2020 599 2106 τραυμάτων
622 2021 868 2108 καταπονηθεὶς
890 2021 1105 2104 ἀποθνήσκει.

89 2141 154 2222 τών
178 2126 208 2196 δ’
236 2129 348 2193 ἀλλων
373 2127 609 2209 Οὐολούσκων,
635 2127 749 2213 ἐπειδὴ
772 2129 790 2195 ὁ
816 2126 918 2214 χάραξ
941 2127 1106 2211 ἡλίσκετο,

90 2238 123 2302 οἱ
142 2232 204 2322 μὲν
227 2235 468 2319 ἀγωνιζόμενοι
489 2237 734 2319 κατεκόπησαν,
762 2236 798 2301 οἱ
824 2232 862 2300 δέ
883 2236 923 2300 τά
947 2234 1032 2299 ὅπλα
1055 2233 1105 2320 ῥί-

89 2353 209 2421 ύαντες
244 2343 328 2428 πρὸς
365 2341 488 2418 ἱκεσίας
527 2353 593 2407 τῶν
629 2344 879 2429 κεκρατηκότων
912 2341 1105 2428 ἐτράποντο,

90 2449 195 2533 ὀλίγοι
222 2448 263 2514 δέ
286 2472 374 2526 τινες
399 2445 453 2513 ε’πὶ
475 2448 515 2513 τά
539 2449 643 2514 οίιιελα
666 2449 849 2534 φεύγοντες
872 2448 1103 2534 ἀπεσώθησαν.
1117 2473 1145 2514 ιο

90 2553 299 2640 ἀφικομένων
322 2551 352 2621 δ’
380 2557 427 2633 εἱς
449 2555 511 2639 την
528 2552 655 2640 Ῥώμην
678 2553 842 2639 ἀγγέλων,
871 2553 1138 2631 οὓς“ἀπέστει-9

89 2666 148 2727 λαν
172 2662 208 2728 οἱ
227 2661 362 2744 ὕπατοι,
389 2664 525 2745 μεγίστη
549 2662 633 2746 χαρά
656 2663 716 2727 τὸν
742 2663 851 2746 δῆμον
874 2659 1026 2747 κατέσχε,
1048 2658 1104 2726 καὶ

90 2769 203 2835 αὐτίκα
222 2779 292 2845 τοῖς
310 2763 372 2852 μὲν
384 2773 479 2845 θεοῖς
496 2770 730 2853 χαριστηρίους
748 2765 955 2854 ἐψηφίσαντο
969 2770 1104 2851 θυσίας,

88 2888 154 2954 τοῖς
177 2871 208 2940 δ’
231 2875 370 2952 ὑπάτοις
387 2875 449 2959 την
467 2884 534 2940 τῶν
557 2873 735 2960 θριάμβων
761 2875 861 2959 τιμην
883 2875 1103 2960 προσέθεσαν.

89 2983 128 3048 οὐ
150 2981 264 3067 μέντοι
287 2981 348 3065 την
371 2981 475 3065 αὐτήν
494 2975 525 3065 γ’
547 2979 758 3068 ἀμφοτέροις·
783 2980 867 3047 ἀλλά
885 2970 1018 3070 Σικκίφ
1030 2978 1104 3064 μέν,
1117 3001 1144 3044 ιε

90 3086 200 3173 ἐπειδη
220 3091 330 3174 φόβου
349 3091 498 3173 μείζονος
515 3086 783 3175 ἠλευθερωκέναι
803 3087 912 3153 ἐδόκει
930 3086 990 3170 την
1004 3088 1103 3152 πόλιν

159 3323 173 3371 1
195 3312 227 3372 ἐν
245 3315 309 3370 add.
329 3315 490 3385 Stephanus
573 3323 590 3370 4
607 3313 866 3385 καταπονουμένων
884 3332 908 3369 ο.
929 3313 1018 3369 Cobet
1037 3314 1103 3370 obs.

90 3393 186 3454 p.168
277 3386 564 3460 8άναστ<εί>λαςΒ
655 3393 689 3442 20
714 3390 778 3456 post
802 3382 952 3456 ἐσώθησαν
975 3389 1033 3440 tres
1056 3386 1103 3442 vel

91 3461 223 3583 ffltuor
240 3457 354 3513 litterae
374 3475 471 3514 erasae
489 3459 512 3512 Β
621 3464 655 3512 24
673 3456 854 3530 προσέθεσαν
870 3458 916 3512 Ba
938 3455 1101 3529 προέθεσαν

818 3680 821 3685 ,
887 3618 940 3674 ιι*
