2660 3976
189 245 255 313 138
613 249 784 298 -Η-

187 415 301 474 κεῖσθε
324 409 368 492 μή
391 411 613 493 κομιζόμενοι,
635 409 667 472 εί
686 403 723 472 δέ
741 405 873 497 πολέμῳ
892 404 1130 494 ἀφαιρεθέντες
1149 407 1209 473 ού-

186 515 256 582 κέτι
279 515 389 582 αὐτῶν
413 517 506 592 όντες
527 515 650 600 κύριοι,
673 512 816 579 ἀδικεῖτε
839 524 907 578 τῶν
930 513 1115 599 ἀλλοτρίων
1134 513 1209 599 έφι-
1322 520 1323 610 ή

187 622 308 708 έμενοι.
353 621 446 706 ήμείς
473 617 509 686 δέ
538 625 714 707 κρατίστας
735 620 909 704 ἡγούμεθα
930 623 1075 705 κτήσεις,
1102 621 1141 698 ἀς
1163 620 1208 686 ἀν
1322 621 1323 702 ἒ

186 727 319 818 πολέμφ
346 729 567 813 κρατήσαντες
594 727 763 811 λάβωμεν,
792 727 867 793 ούτε
894 738 1019 811 πρῶτοι
1046 744 1208 813 καταστη-

160 837 326 922 εσάμενοι
348 837 454 918 νόμον
476 835 575 900 τόνδε
598 834 675 899 οὔτε
693 833 796 899 αὐτὸν
815 833 1006 919 ἀνθρώπων
1023 834 1209 918 ἡγούμενοι

187 938 272 1008 εἶναι
300 944 428 1026 μᾶλλον
455 940 476 1025 ή
504 938 579 1024 οὐχὶ
606 946 712 1005 θεῶν·
742 940 889 1017 ἅπαντάς
916 964 951 1006 τε
973 939 1028 1006 καί
1041 939 1208 1024 Ἕλληνας

186 1046 241 1113 καὶ
265 1047 456 1134 βαρβάρους
473 1048 599 1124 εἰδότες
616 1047 704 1135 αὐτῷ
723 1045 914 1132 χρωμένους
932 1047 995 1113 οὐκ
1013 1046 1055 1112 ἀν
1074 1046 1208 1132 ένδοίη-
1323 1053 1324 1098 λ

187 1177 249 1239 μεν
271 1153 352 1238 ὑμίν
375 1157 524 1239 μαλακὸν
547 1149 648 1220 οὐδὲν
671 1151 744 1219 οὐδ’
766 1152 809 1218 ἀν
828 1153 1052 1238 ἀποσταίημεν
1071 1157 1118 1219 ἔτι
1137 1164 1209 1220 τῶν
1293 1213 1295 1218 .
1323 1141 1324 1146 ¹

151 1264 401 1347 3δορικτήτων.
438 1261 544 1344 πολλή
568 1261 630 1346 γάρ
654 1259 769 1344 ἀνείη
793 1263 942 1345 κακότης,
965 1267 999 1326 εί
1017 1284 1066 1338 τις
1089 1261 1110 1326 ἀ
1132 1258 1205 1345 μετ’

147 1394 173 1432 ω
187 1368 304 1455 ἀρετῆς
333 1366 388 1433 καί
418 1366 573 1454 ἀνδρείας
602 1366 774 1451 έκτήσατο,
804 1365 903 1434 ταῦθ’
929 1367 994 1434 ὑπὸ
1022 1370 1148 1454 μωρίας
1170 1389 1207 1432 τε

185 1473 241 1541 καὶ
269 1476 394 1552 δειλίας
421 1474 629 1561 ἀφαιρεθείη.
674 1478 831 1558 πολεμεῖν
858 1470 887 1539 τ’
914 1475 990 1540 ούτε
1018 1474 1062 1558 μή
1085 1477 1279 1558 βουλο-1σκσ
1324 1497 1325 1550 ι

186 1580 308 1667 μένους
325 1581 412 1665 ὑμᾶς
429 1580 667 1666 ἀναγκάζομεν,
684 1579 760 1645 οὔτε
774 1579 1075 1665 προθυμουμένους
1087 1601 1208 1664 παραι-
1324 1579 1325 1642 Ϊ

185 1690 346 1772 τούμεθα,
370 1687 412 1752 ἀν
435 1684 466 1751 δ’
488 1685 635 1773 άρξησθε
658 1685 887 1771 ἀμυνούμεθα.
927 1695 1031 1752 ταῦτα
1055 1686 1207 1753 Ούολού-

187 1813 279 1872 σκοις
293 1791 512 1877 ἀπαγγέλλετε
526 1791 582 1858 καὶ
596 1791 718 1876 λέγετε,
732 1792 782 1858 ότι
797 1793 959 1875 λήψονται
973 1789 1034 1877 μὲν
1048 1795 1207 1879 πρότεροι

146 1925 172 1966 15
185 1904 225 1968 τά
249 1898 322 1967 ὅπλ’
345 1899 481 1983 ἐκεῖνοι,
504 1901 656 1983 θήσομεν
680 1896 710 1963 δ’
732 1899 825 1984 ήμεῑς
846 1899 990 1984 ὕστεροι.

252 2009 309 2074 ΧΙ.
351 2009 478 2084 Ταύτας
505 2007 541 2071 οί
564 2003 719 2093 πρέσβεις
745 2006 803 2082 τὰς
829 2004 1020 2091 ἀποκρίσεις
1047 2008 1208 2090 λαβόντες
1325 2041 1326 2078 ι

185 2116 390 2200 ἀπήγγειλαν
412 2121 457 2202 τῷ
480 2115 602 2197 πλήθει
623 2123 691 2178 τῶν
711 2112 945 2177 Οὐολούσκων.
982 2115 1208 2198 συναχθείσης

187 2218 249 2288 οὖν
277 2217 379 2297 αὖθις
403 2219 577 2303 ἐκκλησίας
598 2219 678 2303 μετά
700 2228 798 2284 τοῦτο
821 2229 981 2301 κυροῦται
1005 2220 1113 2303 δόγμα
1134 2243 1207 2285 κοι-

185 2330 248 2394 νὸν
261 2337 322 2394 τοῦ
336 2330 459 2402 ἔθνους
471 2336 643 2411 προειπεῖν
651 2320 823 2409 Ῥωμαίοις
836 2328 895 2392 τὸν
908 2328 1064 2409 πόλεμον.
1092 2323 1201 2390 ἔπειθ’

145 2458 174 2496 ω
188 2435 361 2520 αίροῦνται
385 2435 588 2519 στρατηγοὺς
610 2431 854 2518 αὐτοκράτορας
871 2441 931 2497 τοῦ
948 2427 1096 2515 πολέμου
1120 2433 1207 2497 Τύλ-

187 2547 248 2607 λον
270 2564 304 2605 τε
327 2538 382 2606 καί
401 2539 558 2625 Μάρκιον
582 2538 740 2622 δυνάμεις
761 2561 796 2603 τε
819 2541 1019 2622 ψηφίζονται
1041 2539 1205 2621 καταγρά-

186 2672 264 2732 φειν
282 2643 337 2712 καί
353 2643 489 2733 χρήματ’
508 2643 676 2731 είσφέρειν
689 2643 744 2710 καί
757 2639 861 2710 τάλλα
873 2644 1204 2732 παρασκευάσασθαι,
1315 2633 1319 2640 ’

94 2757 172 2825 “2
187 2755 276 2820 όσων
298 2753 535 2836 ὑπελάμβανον
558 2752 690 2833 δεήσειν
712 2759 758 2838 τῷ
781 2749 923 2840 πολέμῳ.
960 2751 1144 2835 μελλούσης
1167 2747 1206 2815 δέ

187 2861 385 2927 διαλύεσθαι
408 2845 465 2942 τής
488 2856 660 2941 ἐκκλησίας
682 2855 827 2934 ἀναστάς
849 2857 867 2923 ό
890 2857 1044 2943 Μάρκιος
1066 2859 1206 2942 ἔφησεν·

186 3090 334 3143 ἀδικεῖσθε
353 3085 390 3157 μή
409 3083 598 3156 κομιζόμενοι·
618 3093 670 3139 νῦν
689 3085 721 3140 δὲ
740 3082 851 3158 πολέμῳ
869 3081 1077 3156 ἀφαιρεθέντες
1092 3116 1125 3126 -
1140 3085 1205 3140 ἀδι-

186 3166 259 3214 κεῖτε
279 3175 336 3227 eqs.
357 3156 535 3212 scribendum
554 3172 615 3211 εοεο

259 3235 275 3284 ὅ
301 3229 393 3283 αὐτῶν
415 3227 463 3281 Bb
540 3234 555 3282 6
581 3226 710 3290 ἅπαντας
732 3228 763 3283 δὲ
786 3226 891 3282 Reiske
964 3233 979 3281 '1
1006 3224 1157 3301 είδ<ό>τες
1179 3227 1204 3280 Β

187 3300 266 3358 sau
283 3299 329 3353 Ba
348 3297 388 3354 ἔτι
406 3298 483 3352 ABb
545 3299 751 3369 9δορικτήτων
771 3301 795 3354 Α
814 3297 1037 3367 δυρνκτήτωνῖί
1099 3304 1132 3352 18
1152 3295 1204 3353 οὖν

188 3387 273 3441 supra
299 3369 349 3426 lin.
371 3370 418 3424 Bb
435 3371 448 3440 Ἰ
473 3369 574 3439 ἀρχητε
597 3368 701 3424 Reiske
727 3369 828 3440 ἀρξητε
852 3385 875 3424 ο.
900 3369 989 3424 Cobet
1012 3368 1078 3423 Obs.
1102 3387 1130 3439 p.
1152 3376 1202 3424 157

189 3450 221 3498 19
244 3450 294 3496 τοῦ
318 3439 421 3503 ἔθνους
443 3441 508 3504 τοὺς
529 3441 617 3503 θεοὺς
640 3442 664 3495 Α
689 3445 694 3510 Ι
719 3439 816 3496 ἔπειτα
835 3483 841 3495 .
858 3483 864 3496 .
883 3437 1030 3510 αἱροῦνται
1047 3440 1095 3495 Bb
1140 3483 1144 3492 .
1168 3446 1203 3495 22

186 3509 453 3584 παρασκευάζεσθαι
466 3530 488 3567 ο.
505 3511 628 3566 Reudler
641 3512 697 3568 Τίς.
712 3511 774 3568 orit.
789 3530 816 3582 p.
827 3517 862 3567 ⁶4
911 3517 947 3566 24
960 3509 1041 3582 *ἔφη
1057 3510 1080 3565 0
1094 3511 1205 3566 correxi
