2660 3976
547 238 713 287 ,Η-

117 399 352 483 θυμούμενον,
371 398 415 474 ὡς
433 398 474 463 οὐ
492 394 652 481 μένουσιν
667 395 720 463 ε’πὶ
734 409 803 475 τοῖς
821 397 933 474 αὐτοῖς
948 397 1139 483 πράγμασιν

120 505 160 568 αί
179 513 247 568 τῶν
271 503 464 590 ἀνθρώπων
485 505 589 590 τύχαι.
636 505 767 570 Δύναιο
797 499 827 569 δ’
855 505 914 588 άν,
941 506 1023 589 ἔφη,
1045 501 1134 572 τοῦτ’
1154 504 1174 569 6

122 609 156 689 ἐξ
179 611 284 677 αὐτοῦ
303 611 444 695 μάλιστα
462 617 586 696 μαθεῖν
604 611 698 697 ἐμοῦ,
721 611 759 689 ὃς
777 610 813 676 ἐν
832 619 871 696 τῇ
890 615 1027 698 μεγίστῃ
1044 613 1140 677 πόλει

120 718 296 802 κράτιστός
326 715 398 784 ποτ’
429 712 515 800 εἶναι
548 728 616 784 τῶν
645 719 758 784 ἄλλων
786 719 896 784 δοκῶν
923 726 988 783 νῦν
1020 720 1141 802 ἔρημος

121 821 177 888 καὶ
206 825 324 902 άπολις
350 821 405 891 καὶ
433 825 586 900 ταπεινὸς
615 822 812 910 ἐρριμμένος
843 833 941 906 τοῦτο
973 827 1140 909 πείσομαι,
1168 847 1181 887 ι

123 929 142 994 ὅ
168 953 201 995 τι
230 929 272 996 δν
299 930 410 1018 ἐχθρῷ
438 932 510 996 όντι
543 947 597 996 σοι
626 932 717 1016 δοκή.
767 932 991 1016 ὑπισχνοῦμαι
1022 927 1061 996 δέ
1087 947 1141 997 σοι

122 1030 256 1102 τοσαῦτ’
282 1035 394 1119 ἀγαθά
416 1039 568 1121 ποιήσειν
594 1037 829 1115 Οὐολούσκους
855 1041 953 1124 φίλος
977 1045 1022 1125 τῷ
1047 1039 1141 1103 ἔθνει

122 1146 314 1228 γενόμενος,
338 1142 399 1208 ὅσοι
421 1144 505 1209 κακά
528 1143 733 1229 εἰργασάμην
753 1143 875 1229 ἐχθρὸς
898 1144 954 1208 ὤν.
1000 1145 1033 1208 εί
1054 1143 1094 1209 δέ
1109 1166 1142 1210 τι

123 1249 206 1315 άλλο
229 1251 404 1334 γινώσκεις
425 1248 501 1335 περὶ
524 1249 618 1334 ἐμοῦ,
641 1258 760 1335 χρῆσαι
782 1259 822 1335 τῇ
841 1249 923 1335 ὀργή
942 1259 1142 1336 παραχρῆμα

122 1353 179 1422 καὶ
206 1357 359 1448 θάνατον
385 1357 523 1441 χάρισαί
547 1380 604 1441 μοι
631 1359 691 1423 τὸν
717 1357 872 1442 τάχιστον
895 1355 1084 1442 αὐτοχειρίᾳ
1105 1379 1141 1421 τε
1156 1380 1182 1420 ιο

122 1459 179 1528 καὶ
196 1460 250 1528 ἐπὶ
268 1473 326 1548 τῆς
344 1460 453 1541 ἑστίας
471 1471 529 1548 τής
548 1473 689 1529 σεαυτοῦ
707 1463 927 1548 καθιερεύσας
944 1463 1003 1528 τὸν
1023 1460 1142 1546 ἱκέτην.

55 1587 123 1637 1506
192 1568 235 1633 II.
271 1568 343 1634 Ἔτι
373 1566 404 1635 δ’
438 1570 542 1635 αὐτοῦ
575 1579 677 1636 ταῦτα
710 1569 865 1653 λέγοντος
897 1568 1050 1653 ἐμβαλὼν
1081 1569 1143 1652 τήν

125 1674 281 1753 δεξιάνδ
309 1677 436 1753 Τύλλος
461 1674 517 1741 καὶ
546 1675 610 1742 άπὸ
638 1684 696 1760 τῆς
718 1672 827 1752 ἑστίας
850 1673 1037 1759 ἀναστήσας
1059 1681 1143 1759 θαρ-

124 1793 198 1867 ρεῖν
224 1780 253 1848 τ’
281 1781 384 1849 αὐτὸν
406 1781 594 1866 ἐκέλευσεν,
622 1782 667 1858 ὡς
689 1777 793 1865 μηδὲν
816 1780 953 1860 άνάξιον
975 1789 1034 1865 τῆς
1057 1783 1143 1858 ἰδίας

123 1889 243 1975 άρετής
275 1892 475 1973 πεισόμενον
501 1886 557 1955 καὶ
584 1889 709 1966 πολλάς
736 1888 824 1976 αὐτῷ
855 1889 990 1975 χάριτας
1018 1886 1144 1952 είδέναι
1158 1909 1183 1952 ιε

123 2004 182 2080 τής
204 1997 287 2081 πρὸς
309 1993 429 2062 ἑαυτὸν
453 1994 595 2080 άφιξεως
624 1997 704 2080 ἐφη,
730 1997 828 2079 τιμήν
856 2018 931 2060 τινα
959 1994 1000 2061 οὐ
1023 1994 1144 2079 μικρὰν

124 2097 212 2168 εἶναι
231 2100 287 2167 καὶ
304 2103 428 2185 ταύτην
446 2101 730 2187 ἀποφαινόμενος·
755 2100 990 2177 Οὐολούσκους
1007 2098 1033 2165 τ’
1054 2099 1143 2187 αὐτῷ

125 2209 251 2286 πάντας
273 2209 463 2293 ὑπισχνεῖτο
487 2211 639 2291 ποιήσειν
662 2211 782 2292 φίλους
804 2205 987 2293 ἀρξάμενος
1004 2206 1069 2272 άπὸ
1088 2215 1145 2291 τῆς

126 2313 249 2382 ἑαυτοῦ
272 2317 443 2401 πατρίδος·
469 2313 524 2379 καὶ
548 2314 708 2398 οὐδεμίαν
732 2314 894 2392 ἐψεύσατο
916 2324 983 2378 τῶν
1005 2311 1145 2398 ὑποσχέ-

126 2439 224 2488 σεων.
274 2424 398 2508 χρόνου
428 2420 469 2487 δέ
495 2444 587 2499 τινος
614 2420 655 2486 οὐ
684 2426 811 2487 πολλοῦ
840 2422 1036 2498 διελθόντος
1064 2407 1186 2520 βου-Ξο

126 2528 321 2614 λευομένοις
345 2540 416 2605 τοῖς
444 2527 586 2613 ἀνδράσι
612 2528 694 2592 κατὰ
725 2536 824 2611 σφᾶς,
853 2529 997 2615 Μαρκίῳ
1026 2549 1061 2591 τε
1088 2523 1145 2591 καὶ

131 2637 262 2724 Τύλλῳ,
284 2646 392 2700 κινεῖν
410 2633 519 2700 ἐδόκει
537 2634 596 2699 τὸν
614 2636 769 2717 πόλεμον.
815 2628 915 2716 δμέν
933 2627 996 2698 οὐν
1019 2633 1146 2708 Τύλλος

125 2741 246 2808 αὐτίκα
265 2741 353 2826 μάλα
373 2739 528 2824 ἐβούλετο
547 2749 657 2805 πᾶσαν
675 2741 737 2823 τήν
757 2738 981 2805 Οὐολούσκων
1000 2740 1145 2821 δύναμιν

125 2848 331 2934 παραλαβὼν
355 2845 408 2912 ἐπὶ
438 2848 499 2931 τήν
522 2843 649 2931 Ῥύμήν
672 2857 808 2933 χωρεῖν,
834 2845 897 2923 ἕως
920 2842 1091 2924 ἐστασίαζέ
1110 2867 1145 2910 τε

200 3079 217 3128 5
238 3068 268 3144 ἐρ
289 3072 402 3155 ιμμὲνος
428 3082 510 3129 τοῦτο
536 3071 742 3143 πεισόμενοςΟ
771 3067 936 3143 ἐρριμμένος
962 3092 985 3126 τ.
1013 3073 1147 3142 πείσομαι

129 3147 173 3200 ed.
198 3145 275 3200 Tauc
316 3147 407 3198 itiana
434 3147 463 3199 et
485 3144 593 3213 Kayser
614 3145 685 3198 Anu.
705 3143 774 3214 phil.
798 3149 865 3200 1868
892 3161 920 3212 p.
934 3149 987 3198 810
1015 3141 1147 3214 ἔρριμμαι

128 3226 211 3272 τοῦτο
230 3215 397 3286 πεισόμενος
415 3233 438 3270 ο.
458 3214 601 3285 Kiessling
682 3222 698 3270 6
718 3214 839 3270 δοκεῑΑ
920 3220 953 3269 11
973 3209 1075 3270 ἑαυτοῦ
1093 3215 1146 3269 ΑΒ

129 3297 250 3344 σεαυτοῦ
270 3287 290 3342 O
310 3290 340 3342 et
357 3286 488 3341 Hertlein
505 3287 661 3342 Hermesx
679 3306 706 3357 p.
721 3292 773 3342 417
848 3292 880 3340 13
898 3287 1039 3357 θαρεῑνΒ
1112 3293 1147 3341 16

129 3359 217 3416 αὐτόν
236 3359 259 3412 Β
344 3364 377 3414 17
396 3362 462 3428 posi
480 3357 529 3412 καὶ
548 3357 664 3426 aliquod
681 3357 850 3412 vocabulum
869 3359 902 3411 ui
920 3359 1081 3428 εὐεργεσίαν
1101 3357 1147 3413 vel

129 3431 187 3486 tale
206 3429 277 3499 quid
296 3428 474 3484 intercidisse
493 3429 681 3499 Kiesslingius
699 3432 796 3484 censet
867 3435 903 3484 20
920 3434 1024 3485 πολλοῦ
1043 3429 1092 3484 καὶ
1110 3429 1146 3498 δὴ

129 3500 369 3574 παρελθόντοςΑ
