2660 3976
206 217 270 283 188
628 221 797 270 -Η-

205 375 340 465 κατέσχε
359 380 418 445 τὸν
442 375 536 446 οἷκον
562 381 701 465 οἰμωγή,
723 377 801 446 ὥστ’
823 376 877 445 ε’πλ
898 381 985 445 πολὺ
1006 375 1131 466 [μέρος]
1151 377 1214 459 ἐξα·

205 485 399 571 κουσδήναι
416 495 475 570 τῆς
496 489 624 564 πόλεως
640 488 702 571 τήν
725 487 810 570 βοήν
832 481 888 551 καὶ
907 489 1047 571 μεστοὺς
1064 484 1217 570 γενέσθαι
1289 503 1290 580 χ

170 594 284 670 2τοὺς
305 591 406 676 ἐγγὺς
431 601 491 676 τῆς
516 594 623 670 οἰκίας
645 595 834 671 στενωποὺς
856 595 967 678 όχλου.
1012 588 1119 658 ἔπειθ’
1145 593 1214 676 ήτε

209 699 375 785 Οὐαλερία
397 698 499 765 πάλιν
522 695 634 786 ἑτέρας
656 697 795 777 ἐξέτεινε
817 700 943 785 μακρὰς
959 696 1015 764 καὶ
1038 704 1216 783 συμπαθεῖς
1290 686 1291 750 ί

179 807 351 888 εδεήσεις,
378 805 417 870 αἵ
440 802 468 870 τ’
495 806 593 871 ἄλλαι
623 815 778 889 γυναῖκες
800 807 838 872 αί
858 806 940 871 κατὰ
962 807 1078 891 φιλίαν
1100 804 1122 890 ή
1146 821 1216 888 συγ·

207 911 340 995 γένειαν
364 907 501 999 ἑκατέρᾳ
522 923 590 976 τῶν
612 922 781 995 γυναικῶν
804 914 1043 998 προσήκουσαι,
1066 909 1122 977 καὶ
1143 933 1217 996 παρ-

208 1016 327 1101 έμενον
357 1021 560 1104 λιπαροῦσαί
585 1040 620 1082 τε
650 1015 706 1083 καὶ
736 1017 888 1101 γονάτων
917 1016 1116 1101 ἁπτόμεναι,
1145 1013 1212 1082 ὥστ’

209 1122 270 1188 οὐκ
297 1125 435 1209 ἔχουσα,
466 1124 485 1188 ό
513 1147 545 1190 τι
574 1124 668 1211 πάθη
697 1126 780 1210 πρὸς
808 1127 887 1202 τοὺς
916 1125 1086 1210 ὀδυρμοὺς
1115 1122 1217 1188 αὐτῶν

208 1227 264 1296 καὶ
285 1230 344 1308 τάς
365 1231 491 1308 πολλάς
514 1231 658 1315 δεήσεις,
687 1226 773 1309 εἶξεν
797 1230 818 1314 ή
843 1230 1029 1316 Οὐετουρία
1056 1227 1112 1296 καὶ
1138 1226 1217 1295 τελέ-

170 1358 196 1398 ιο
210 1352 283 1402 σειν
309 1338 371 1420 τήν
398 1340 578 1423 πρεσβείαν
605 1333 690 1424 ὑπὲρ
717 1346 775 1420 τῆς
802 1339 962 1423 πατρίδος
982 1335 1142 1421 ὑπέσχετο
1164 1338 1218 1418 τήν

209 1465 244 1508 τε
275 1453 418 1526 γυναῖκα
445 1451 506 1509 τοῦ
527 1447 686 1530 Μαρκίου
713 1448 953 1530 παραλαβοῦσα
979 1439 1035 1508 καὶ
1062 1443 1103 1508 τὰ
1129 1439 1218 1506 τέκνα

174 1547 265 1618 3καὶ
288 1559 355 1614 τῶν
378 1550 490 1614 ἄλλων
512 1551 694 1615 πολιτίδων
712 1550 770 1626 τάς
791 1547 1005 1635 βουλομένας.
1051 1549 1090 1614 αί
1105 1543 1164 1633 μέν
1182 1547 1217 1628 δή

210 1664 398 1740 περιχαρεῖς
428 1657 606 1739 γενόμεναι
633 1653 689 1721 καὶ
715 1658 795 1733 τοὺς
821 1658 925 1733 θεοὺς
951 1654 1270 1740 έπικαλεσάμεναιιοοι

210 1758 439 1844 συλλαβέσθαι
462 1765 557 1847 σφίσι
578 1771 636 1846 τῆς
659 1761 793 1839 ἐλπίδος
815 1757 964 1848 ἀπῄεσαν
983 1761 1019 1828 ἐκ
1041 1770 1100 1845 τῆς
1122 1762 1219 1836 οίκίας

172 1889 197 1928 ιι
210 1863 267 1932 καὶ
290 1869 536 1951 προσήγγειλαν
554 1869 595 1934 τὰ
614 1871 777 1953 γευόμενα
796 1879 866 1946 τοῖς
883 1867 1034 1944 ὑπάτοις·
1058 1869 1094 1933 oc
1110 1864 1146 1932 δὲ
1163 1867 1219 1950 τήν

210 1974 406 2059 προθυμίαν
433 1974 545 2040 αὐτῶν
568 1973 799 2052 ἐπαινέσαντες
826 1975 1033 2041 συνεκάλουν
1060 1975 1122 2058 τήν
1147 1976 1218 2057 βου-

211 2081 273 2164 λήν
296 2077 352 2146 καὶ
375 2076 451 2165 περὶ
474 2088 532 2162 τῆς
555 2079 672 2158 έξόδου
700 2091 767 2148 τῶν
790 2092 975 2165 γυναικῶν,
1002 2083 1035 2146 εί
1056 2087 1219 2165 συγχωρη-

210 2182 287 2251 τέον
311 2183 435 2268 αὐταῖς,
457 2187 637 2270 γνωμηδὸν
655 2185 897 2254 ἐπυνθάνοντο.
942 2184 1061 2254 πολλοὶ
1084 2181 1145 2271 μὲν
1163 2179 1218 2251 οὖν

213 2288 398 2375 ἐλέχθησαν
436 2289 492 2357 καὶ
523 2293 612 2379 παρὰ
644 2297 778 2359 πολλῶν
810 2296 922 2378 λόγοι,
958 2291 1013 2359 καὶ
1045 2291 1140 2378 μέχρι
1170 2298 1219 2373 τής

174 2379 353 2491 ἑξὲσπέρας
376 2396 563 2464 διετέλεσαν
582 2398 606 2466 ,ό
628 2422 660 2464 τι
683 2401 745 2486 χρή
770 2411 879 2465 ποιεῖν
902 2402 1150 2485 βουλευόμενοι.
1192 2397 1222 2463 σι’

214 2497 275 2586 μέν
303 2502 366 2587 γάρ
395 2503 435 2569 οὐ
462 2506 583 2590 μικρὸν
611 2503 796 2590 ἀπέφαινον
819 2501 906 2572 εἶναι
935 2515 974 2592 τῇ
997 2509 1093 2572 πόλει
1114 2503 1219 2570 κινδό-

213 2632 319 2693 νευμα
342 2619 502 2691 γυναῖκας
521 2611 588 2695 ἅμα
606 2609 735 2689 τέκνοις
752 2612 800 2689 είς
816 2616 985 2697 πολεμίων
1004 2611 1219 2698 στρατόπεδον

212 2713 439 2801 πορευομένας
476 2713 584 2780 ἐᾶσαι·
622 2717 655 2782 εί
688 2718 752 2802 γὰρ
785 2716 898 2795 αὐτοῖς
928 2719 1125 2804 ὑπεριδοῦσι
1159 2725 1219 2780 τῶν

213 2818 463 2905 νενομισμένων
487 2821 590 2887 ὁσίων
612 2824 691 2908 περί
710 2845 746 2886 τε
764 2825 939 2907 πρεσβείας
955 2820 1046 2888 καὶί
1031 2823 1153 2899 ἱκεσίας
1170 2822 1219 2886 δό

287 2983 300 3032 1
321 2975 432 3068 *μέρος
450 2975 543 3031 delevi
597 2979 703 3033 9οίιετ
705 2998 738 3032 ου
739 2980 787 3047 ρία
801 2975 1040 3041 κπίαλτέλοςά
974 2999 1040 3051 πηιε
1054 2979 1140 3049 τήνπ
1142 2979 1218 3033 ..τό

214 3067 243 3102 π.
262 3066 310 3103 ποι
303 3048 436 3118 ιησομένη
454 3045 490 3114 ἣν
512 3046 647 3118 ὑπέσχετο
668 3049 690 3104 0
713 3050 868 3118 praeterB
977 3056 1011 3104 14
1028 3052 1096 3120 post
1118 3016 1220 3108 ἐλπίδος

215 3122 323 3188 septem
341 3119 376 3172 lit
364 3122 501 3174 tterarum
519 3118 683 3189 lituraB‚¹
675 3138 705 3175 m
723 3119 826 3175 lacuna
843 3119 931 3174 fuisse
945 3118 1064 3184 τέλοςο
1085 3118 1219 3185 Kiessling

216 3195 250 3244 18
277 3191 426 3259 γνωμηδὸν
454 3185 489 3244 έπ
489 3190 568 3244 υάνθ
549 3209 635 3246 ανοντ
603 3164 710 3262 ντό]γ
711 3192 751 3245 νά
752 3212 807 3262 μας
833 3191 978 3246 διάεπννθ
958 3211 1061 3248 ανοντο
1089 3209 1112 3248 ο.
1140 3189 1220 3246 cobet

216 3259 282 3314 Oba.
301 3277 328 3328 p
345 3268 408 3330 164,
433 3261 483 3314 sed
505 3263 600 3316 exstat
617 3282 695 3332 γωμν
695 3263 766 3331 ηδὸν
789 3263 866 3388 agad
888 3262 1070 3318 Eustathium
1092 3263 1129 3318 ad
1145 3258 1217 3316 Iliad.

215 3331 242 3385 N
257 3335 310 3384 204
415 3337 447 3385 19
466 3331 516 3386 καλ
540 3282 633 3388 antey
630 3352 688 3402 παρ
675 3283 709 3387 μδι
728 3333 781 3388 del
825 3333 892 3390 obet
910 3331 1015 3404 Obs.p
1017 3341 1092 3390 ,164
1188 3335 1219 3384 2⁰

216 3398 454 3457 διετέλεσανδτι
477 3401 641 3472 χριῑήποεν
625 3406 716 3476 νβου
717 3408 764 3458 λευ
767 3404 862 3474 όμενοι
886 3403 916 3459 ολ
936 3405 987 3475 μὲν
995 3353 1082 3460 pAOb
1110 3407 1135 3460 δ.
1157 3403 1218 3456 άπι-

217 3471 394 3539 ροῦττινεςδ
411 3471 569 3543 χ.π,οίμ
570 3473 601 3528 δ
620 3474 642 3526 Β
714 3481 851 3546 λθστατρ
817 3475 943 3530 όπεδ
961 3476 984 3529 Β
