2674 3978
562 191 724 239 -z-
1107 188 1146 252 81

135 348 173 416 δὲ
190 350 315 432 στάσις,
337 346 393 414 καὶ
410 350 653 434 θεραπεύοντες
670 345 732 434 μὲν
750 352 810 416 τὸν
829 351 937 433 δῆμον
955 349 992 415 ἐν
1011 351 1150 438 ὁμονοίᾳ

134 460 410 540 πολιτευσόμεθα,
423 457 632 532 κωλύσαντες
646 453 676 520 δ’
691 455 750 533 οὓς
763 457 944 540 βούλονται
958 467 1024 522 τῶν
1036 478 1151 543 πατρι-

134 568 214 630 κίων
239 561 460 649 ἀνδρηλατεῖν
482 561 503 647 ἢ
526 574 717 648 μιαιφονεῖν
741 564 789 640 είς
817 566 965 647 πόλεμον
987 561 1150 648 ἐμφύλιον

134 671 418 754 καταστησόμεθα,
443 671 551 735 πολλὰ
574 667 683 752 λέγειν
707 670 791 754 ἔχων
815 668 941 752 ὀλίγοις
961 669 1051 734 πάνυ
1073 673 1152 756 χρη-

69 792 244 860 1432σομαι.
289 786 422 861 πρῶτον
454 771 515 860 μὲν
548 770 610 841 οὖν
642 774 815 859 θαυμάσαι
848 777 911 861 ἔχω
940 773 1065 841 Δέκιον
1095 755 1193 867 τῆςῖ5

22 927 23 934 1
134 885 317 969 είρωνείας·
345 880 386 947 ού
414 883 477 968 γὰρ
505 882 716 966 ἠλιθιότητός
744 902 794 965 γε·
822 884 854 948 εί
877 894 1026 969 κρεῖττον
1049 889 1151 948 οἴεται

26 1033 30 1040 -
133 991 173 1054 τδι
192 986 405 1074 συμφέροντα
422 997 468 1078 τῷ
487 996 590 1077 κοινςό
609 999 750 1074 φρονεῖν
769 985 900 1072 ἑαυτόν,
923 988 960 1065 δς
978 990 1052 1076 ἄρτι
1069 1009 1152 1076 παρ·

133 1098 302 1179 ελύλυθεν
320 1096 366 1172 είς
384 1096 554 1172 πολιτικὰς
570 1093 714 1180 πράξεις,
733 1094 827 1179 ἡμῶν
845 1107 912 1160 τῶν
930 1119 1153 1182 καταγεγηρα-

133 1205 244 1268 κότων
272 1200 309 1268 ἐν
336 1201 451 1279 αὐτοῖς
477 1203 532 1268 καὶ
555 1200 702 1286 μεγάλην
725 1199 762 1266 ἐκ
784 1210 902 1286 μικρᾶς
924 1205 1152 1286 πεποιηκότων

132 1310 195 1394 τὴν
217 1311 328 1375 πόλιν.
369 1305 467 1374 ἔπειτ’
495 1310 526 1373 εί
551 1311 680 1374 πείσειν
702 1305 867 1393 ὑπέλαβεν
894 1307 995 1392 ὑμᾶς,
1022 1309 1067 1385 ὡς
1088 1311 1152 1395 χρὴ
1168 1324 1194 1364 10

132 1416 349 1501 παραδοῦναί
368 1438 444 1480 τινα
467 1415 604 1481 ἔκδοτον
628 1412 681 1480 ἐπὶ
700 1418 840 1502 τιμωρία
858 1425 928 1492 τοῖς
946 1413 1082 1500 ἐχθροῖς
1098 1413 1154 1480 καί

133 1532 238 1588 ταῦτα
270 1524 410 1606 πολίτην
437 1520 599 1608 ὑμέτερον
625 1519 680 1586 καὶ
714 1518 790 1606 οὐχὶ
819 1532 887 1586 τῶν
914 1519 1053 1606 ἀφανῶν
1079 1544 1153 1586 τινα

135 1630 309 1708 [πολιτῶν]
340 1625 361 1711 ἢ
388 1628 542 1712 φαύλων,
574 1624 647 1692 ἀλλ’
674 1626 715 1692 ὃν
742 1625 837 1692 αὐτοὶ
864 1624 920 1692 καὶ
947 1627 986 1693 τὰ
1013 1624 1154 1711 πολέμια

134 1736 368 1820 λαμπρότατον
382 1732 519 1816 ἡγεῖσθε
538 1727 693 1797 εἶναικαὶ
710 1734 770 1798 τὸν
784 1735 861 1818 βίον
880 1730 1154 1819 σωφρονέστατον

134 1840 234 1906 τότε
264 1839 416 1904 πολιτικὰ
443 1837 598 1923 πράττειν
626 1838 769 1915 οὐθενὸς
797 1842 946 1924 χείρονα,
981 1836 1037 1904 καὶ
1058 1815 1194 1930 ταῦτ’Ξῖ5

135 1946 319 2032 ἐτόλμησεν
346 1947 451 2010 είπείν
477 1945 574 2022 είδδος
600 1945 686 2029 ὑμᾶς
712 1948 871 2030 πλείστην
893 1947 977 2010 αίδῶ
999 1943 1155 2028 ποιουμέ-

136 2077 220 2130 νους
249 2052 381 2135 ίκετῶν,
408 2049 465 2116 καὶ
494 2047 578 2135 μηδὲ
599 2054 767 2135 πολεμίων
789 2054 868 2128 τοὺς
890 2053 1156 2136 καταφεύγοντας

138 2159 264 2226 ἐνθάδε
285 2159 407 2242 ταύτης
429 2157 664 2235 ἀποκλείοντας
685 2166 743 2242 της
765 2161 1028 2244 φιλανθρωπίας.
1065 2160 1097 2224 εί
1118 2155 1156 2223 δέ

136 2265 297 2332 τάναντία
328 2265 413 2349 ἡμᾶς
445 2263 643 2348 ἐγίγνωσκες
675 2263 947 2348 ἐπιτηδεύοντας,
985 2260 1011 2330 ὦ
1044 2263 1155 2350 Δέκιε,

137 2371 259 2438 ἀνόσια
286 2368 348 2456 μὲν
375 2380 585 2458 φρονοῦντας
610 2368 686 2457 περὶ
712 2371 831 2456 θεούς,
865 2372 964 2438 όίδικα
992 2368 1029 2437 δέ
1055 2373 1156 2459 πρύτ-
1169 2388 1196 2427 ²⁰

137 2502 257 2555 τοντας
278 2479 361 2563 πρὸς
383 2477 601 2563 ἀνθρώπους,
628 2480 663 2542 τί
683 2475 829 2562 ύνῇτὶμίν
852 2479 972 2543 τούτου
996 2480 1156 2563 συνεβού-

139 2590 233 2661 λευες
263 2585 362 2669 ἔργον
389 2583 567 2668 ὑπομεῖναι
595 2585 802 2668 δεινότερον,
831 2580 889 2670 ἀφ’
917 2579 958 2649 ού
986 2588 1156 2670 πρόρριζοι

72 2689 195 2757 manat
213 2691 388 2774 πανώλεις,
406 2689 603 2774 μισηθέντες
620 2696 714 2766 θεοῖς
731 2713 766 2755 τε
784 2689 840 2756 καὶ
858 2689 1062 2776 ἀνθρώποις,
1085 2690 1157 2754 δια-

138 2799 400 2883 φθαρησόμεθας
421 2796 462 2862 οὐ
481 2792 627 2881 δεόμεθά
646 2813 709 2862 σου
728 2798 934 2882 συμβούλου,
952 2793 1064 2879 Δέκιε,
1080 2795 1192 2861 ούτε4

139 2901 215 2990 περὶ
238 2906 384 2968 πολιτῶν
407 2900 569 2980 ἐκδόσεως
595 2903 672 2968 ούτε
695 2901 771 2988 περὶ
794 2905 898 2969 όίλλου
921 2903 1086 2989 χρήματος
1108 2895 1156 2968 ὧν
1171 2919 1198 2960 2⁵

139 3010 220 3095 ἡμῖν
247 3007 412 3094 πρακτέον
439 3008 590 3086 οὐδενός·
623 3005 704 3075 οὐδὲ
735 3009 854 3096 ὀθνείᾳ
881 3011 1043 3095 φρονήσει
1071 3007 1157 3075 νέων

141 3116 276 3201 ἀνδρῶν
299 3116 338 3181 τὰ
361 3116 466 3181 οίκεία
490 3113 703 3202 συμφέροντα
723 3119 851 3198 κρίνειν
869 3118 1011 3200 οίόμεθα
1030 3117 1102 3181 δεῖν
1125 3117 1161 3182 οί

213 3306 461 3362 θπολιτεύσονται
475 3308 526 3361 ΑΒ
580 3309 746 3370 9αύτοίςΒ
803 3315 835 3363 12
854 3305 989 3380 ἦμετερον
1004 3308 1026 3363 0
1043 3311 1158 3378 praeter

143 3379 165 3431 Β
238 3384 272 3432 13
296 3378 445 3433 *πολιτῶν
468 3376 547 3432 uncis
572 3378 674 3434 seclusi
747 3385 781 3433 κο
804 3378 870 3450 περὶ
892 3382 971 3434 θεῶν
993 3397 1016 3433 ο.
1037 3378 1158 3448 Sylburg

144 3455 176 3504 21
195 3452 227 3505 τί
242 3447 279 3504 δν
297 3449 363 3504 ἄλλο
383 3466 406 3503 ο.
425 3447 529 3503 Βείελτο
601 3455 634 3504 25
654 3454 804 3504 πολιτικῶν
823 3453 847 3504 Α
863 3452 868 3520 Ι
884 3444 1020 3512 ἐνδόσεως
1037 3450 1111 3505 Prou
1129 3453 1160 3519 (λ)

195 3549 295 3590 mom.
309 3549 373 3589 Eu.
383 3549 426 3589 ΠΙ.
454 3558 494 3588 ιο.
508 3549 609 3591 Jmonx.
981 3545 997 3592 6
