2660 3976
492 214 659 264 —H-
1017 209 1081 276 173

81 377 181 460 τρίδος
207 373 269 460 οὐχ
297 373 392 440 ὅσιον
419 373 483 457 ἐγὼ
510 376 655 457 πόλεμον
683 371 922 457 ἐνεστησάμην,
953 373 1082 438 ἅπαντα

82 490 154 566 χρῆν
180 479 316 546 ἐναντία
342 503 399 564 μοι
424 482 580 563 γίνεσθαι
607 480 647 544 τά
674 479 763 564 παρά
789 484 894 544 θεῶν·
922 477 1019 544 ὁπότε
1047 476 1077 543 δ’

83 587 173 677 οὐρίῳ
195 587 344 672 πνεούση
366 584 525 672 κέχρημαι
547 594 586 671 τῆ
609 583 684 672 περὶ
702 587 780 662 τοὺς
801 582 967 670 πολέμους
988 585 1083 670 τύχη,

82 691 128 758 καὶ
161 693 296 770 ὁπόσοις
334 691 376 758 ἀν
415 691 621 777 ἐπιβάλωμαι
656 692 825 780 πράγμασι
860 687 932 758 κατ’
975 690 1083 784 ὀρθὸν

83 801 197 866 άπαντά
224 824 283 884 μοι
308 810 424 885 χυρεί,
452 801 556 883 δῆλον
584 798 635 864 ὅτι
661 797 800 883 εὐσεβής
826 799 894 881 είμι
921 795 1005 882 ἀνήρ
1028 792 1123 860 καλε

84 903 203 989 πράξεις
229 901 420 991 προῄρημαι
446 905 556 982 καλάς.
605 907 640 969 τί
661 898 739 987 οὖν,
766 902 825 969 ἐάν
852 903 1118 988 μεταβάλωμαιδ

84 1009 130 1075 καλ
157 1012 196 1076 τά
228 1007 290 1094 μὲν
321 1009 463 1098 ὑμέτεροι
497 1009 626 1094 αὔξειν,
657 1011 698 1075 τά
725 1005 762 1074 δὲ
791 1011 919 1076 τούτων
947 1009 1084 1075 ταπεινά

85 1128 181 1182 ποιεῖν
210 1120 309 1201 ζητῶ,
335 1121 511 1202 γενήσεταί
534 1141 605 1201 μοι;
639 1110 692 1202 ἄρ’
722 1104 798 1202 ούχὶ
824 1115 998 1199 τάναντιά,
1029 1112 1085 1180 καὶ

86 1223 223 1306 πονηράν
244 1220 378 1307 νέμεσιν
401 1222 462 1302 ἔξω
484 1225 574 1310 παρά
596 1233 656 1289 τοῦ
678 1223 855 1306 δαιμονίου
880 1231 950 1299 τοῖς
971 1222 1085 1305 ήδικη-

33 1409 34 1412 ,
87 1325 185 1410 μένοις
201 1333 360 1416 τιμωρόν,
382 1327 438 1395 καλ
456 1330 565 1416 ὥσπερ
585 1329 621 1396 ἐκ
638 1337 796 1395 ταπεινοῦ
814 1325 915 1412 μέγας
933 1328 989 1392 διὰ
1006 1331 1086 1404 τοὺς
1100 1345 1126 1386 10

87 1437 176 1512 θεοὺς
203 1433 381 1520 ἐγενόμην,
416 1437 522 1514 ούτυς
553 1431 654 1513 αὖθις
685 1433 722 1502 ἐκ
753 1434 897 1520 μεγάλου
933 1435 1086 1510 ταπεινὸς

33 1583 35 1604 ι
88 1541 271 1625 γενήσομαι,
299 1539 355 1608 καλ
377 1541 463 1626 τάμά
484 1544 664 1625 παθήματα
686 1541 892 1625 παιδεύματα
914 1540 1086 1623 γενήσεται

33 1635 35 1672 ³
88 1656 146 1722 τοῖς
166 1647 293 1726 άλλοις;
318 1645 388 1733 ε’μολ
413 1643 475 1732 μὲν
493 1657 595 1714 ταῦτα
617 1649 812 1732 παρίσταται
834 1644 991 1731 περὶτοῦ
1015 1644 1122 1710 δατ-4

59 1769 64 1782 ·
89 1755 194 1833 μονίου
220 1765 376 1839 φρονεῖν,
406 1751 462 1820 καὶ
484 1755 647 1838 πείθομαί
666 1776 704 1837 γε
726 1754 784 1830 τάς
806 1751 940 1838 ἐρινύας
962 1752 1087 1828 ἐκείνας

89 1857 136 1934 τὰς
159 1859 304 1945 φοβερὰς
330 1858 386 1926 καὶ
411 1858 654 1946 ἀπαραιτήτους
682 1871 752 1936 τοῖς
783 1858 921 1926 άνόσιόν
952 1883 984 1925 τι
1015 1859 1086 1922 δια·
1101 1869 1127 1911 1⁵

89 1962 311 2048 πραξαμένοις,
338 1959 386 2030 ὧν
408 1963 464 2031 καὶ
487 1968 529 2032 σὺ
552 1965 738 2051 ἐμνήσθης,
765 1960 791 2030 ὦ
814 1965 985 2050 Μηνύκιε,
1014 1965 1087 2028 τότε

33 2081 136 2150 οεοομοο
155 2074 465 2156 παρακολουθήσειν
487 2072 599 2157 ψυχήν
620 2095 656 2138 τε
677 2069 733 2138 καὶ
755 2081 849 2156 σῶμα
871 2066 1088 2153 αἰκιζομένας,

90 2173 158 2240 όταν
175 2175 378 2259 ἐγκαταλίπω
396 2176 453 2243 καὶ
474 2179 588 2264 προδῶ
611 2181 690 2254 τοὺς
707 2178 878 2253 σώσαντάς
896 2200 937 2261 με
959 2175 1088 2241 ἀπολω-

33 2335 34 2338 ,
90 2282 158 2346 λότα
177 2279 236 2367 ὑφ’
257 2283 352 2367 ὑμῶν
375 2280 431 2348 καλ
453 2284 534 2367 μετά
556 2292 617 2352 τοῦ
640 2295 744 2352 σῶσαι
766 2283 891 2358 πολλάς
909 2280 967 2348 καὶ
987 2281 1089 2358 καλάς

33 2415 34 2418 “
89 2386 284 2470 προσθέντας
306 2388 506 2474 εὐεργεσίας,
527 2381 578 2466 οἷς
600 2388 760 2474 ἐγγυητάς
781 2390 889 2457 έδοοιτα
908 2389 1022 2473 θεούς,
1045 2387 1089 2465 ὡς
1102 2409 1129 2451 οο

90 2489 131 2555 ἐπ’
151 2492 264 2562 ούδενὶ
282 2503 372 2582 κακῷ
395 2494 457 2577 τήν
475 2494 590 2580 άφιξιν
610 2495 831 2579 ποιησάμενος
852 2490 908 2559 καλ
931 2492 1089 2579 φυλάξων

33 2633 34 2636 ¹
89 2596 140 2679 τήν
161 2603 206 2678 είς
226 2601 304 2667 τόδε
327 2603 451 2687 χρόνου
474 2602 629 2688 καθαράν
652 2598 709 2666 καλ
734 2599 896 2685 ἀμίαντον
919 2599 1089 2666 συνοῦσάν

33 2757 34 2762 1
89 2725 137 2784 μοι
157 2710 277 2780 πίστιν.
814 2753 820 2762 ›

145 2811 313 2878 XXXIIII.
342 2811 443 2879 Ὅταν
467 2809 505 2878 δέ
527 2816 647 2898 φίλους
669 2815 717 2878 έτι
740 2817 852 2898 καλῆς,
875 2807 901 2878 ὦ
923 2811 1090 2896 Μηνύκιε,

90 2919 158 2994 τοὺς
178 2917 392 2998 ἐξελάσαντάς
414 2943 453 3004 με
475 2916 530 2986 καλ
552 2919 694 3006 πατρίδα
715 2919 778 3003 τήν
801 2918 1091 3005 ἀπαρνησαμένην,
1105 2933 1131 3000 οε

91 3023 209 3104 φύσεώς
235 3047 270 3091 τε
297 3027 423 3109 νόμους
450 3024 596 3110 ἀνακαλῇ
623 3023 679 3090 καὶ
705 3023 870 3112 περὶτῶν
894 3023 996 3090 ὁσίων
1019 3024 1090 3087 δια-

155 3256 170 3302 1
187 3251 329 3308 *ἅπαντα
349 3246 433 3322 ἐχρῆν
449 3250 471 3306 Ο
489 3249 593 3306 ἅπαντ’
610 3250 647 3306 διν
662 3246 747 3323 ἐχρῆν
765 3268 789 3306 ο.
804 3249 948 3306 Christian
966 3265 1091 3305 convers·

96 3314 187 3388 Germ.;
211 3325 260 3376 aut
279 3321 383 3378 ἅπαντ’
405 3318 489 3392 ἐχρῆν
509 3325 559 3377 aut
586 3321 699 3378 ἅπαντα
727 3329 798 3393 χρῆν
825 3319 1003 3376 scribendum
1031 3336 1093 3375 esse

97 3401 182 3444 οουεοο
229 3393 322 3458 ,θτδι
340 3392 447 3448 add.B
512 3399 545 3448 10
563 3391 733 3464 τιμωρῶνΑ
793 3399 827 3448 21
847 3391 1091 3464 ποιησόμενοςΑή

98 3460 214 3528 φυλάξων
232 3464 296 3520 add.
315 3463 420 3534 ACmg
