2656 3974
584 233 752 285 -Θ-
1110 233 1176 299 379

157 399 240 472 λεως
263 391 455 481 ἐπεχείρουν
478 400 659 461 ποιείσθαι.
695 392 876 480 γενομένης
901 391 938 462 δὲ
961 401 1031 474 τοίς
1049 391 1176 462 Ἀντιό-

156 525 228 579 ταις
250 501 405 585 γνώσεως
428 503 635 585 κωλυόμενοι
658 504 742 587 πρὸς
760 501 870 570 αὐτῶν
888 499 1020 568 ἀπιέναι
1039 504 1176 588 γνώμην

157 606 333 674 έποιοΐωτο
369 607 580 694 παραδοῦναι
607 603 779 692 Ῥωμαίοις
811 607 942 676 ἐπιοῦσι
973 610 1035 694 τὴν
1066 612 1175 676 πόλιν.

156 724 256 782 τοῦτο
278 717 445 799 μαθόντες
467 712 503 780 ἐκ
526 715 700 799 μηνύσεως
717 716 753 782 οί
766 713 931 783 Ἀντιᾶται
949 724 996 805 τῷ
1015 739 1051 781 τε
1069 725 1173 804 καιρῷ
1190 720 1210 785 8

157 827 303 905 είκουσι,
327 818 502 906 καὶκοινῇ
526 817 595 905 μετ’
623 819 760 888 ἐκείνων
783 821 1047 908 βουλευσόμενοι
1070 843 1174 910 παρα-
1202 845 1215 888 ι

158 928 290 993 διδόασι
316 935 363 1016 τςό
386 930 533 1017 Κοιντίῳ
561 929 622 1012 τὴν
648 931 763 1014 πόλιν,
791 925 843 1015 ἐφ’
871 922 897 1018 ᾧ
921 931 1091 1008 Λίκαυοὺς
1113 926 1174 1015 μὲν

156 1032 391 1112 ὑποσπόνδους
423 1033 599 1120 ἀπελθεῖν,
627 1033 798 1113 Ἀντιάτας
830 1032 868 1102 δὲ
900 1038 1054 1125 φρουρὰν
1083 1034 1176 1116 δέξα-

157 1147 239 1208 σθαι
258 1139 313 1207 καί
330 1142 371 1208 τὰ
389 1145 590 1227 κελευόμενα
608 1142 675 1209 ὑπὸ
688 1139 860 1226 Ῥωμαίων
876 1154 996 1210 ποιεῖν.
1028 1141 1082 1210 ἐπὶ
1098 1145 1175 1210 τού-

157 1270 228 1326 τοις
244 1248 360 1333 νόμως
378 1251 556 1333 γενόμενος
574 1258 632 1334 τῆς
649 1251 777 1326 πόλεως
794 1249 813 1316 ό
831 1248 966 1332 ύπατος,
988 1247 1044 1315 καί
1062 1251 1175 1334 λαβὼν

85 1353 287 1433 ιθοεόψύνιιί
309 1377 344 1420 τε
362 1353 418 1420 καλ
435 1349 550 1440 τᾶλλα,
572 1355 663 1421 ὅσων
682 1355 749 1420 ἔδει
768 1362 807 1440 τῇ
827 1363 972 1441 στρατιᾷ,
995 1352 1051 1420 καλ
1069 1379 1175 1441 φρου-
1189 1380 1215 1421 ιο

158 1462 222 1546 ρδιν
245 1459 498 1547 ἐγκαταστήσας,
520 1461 625 1546 ἀπῆγε
644 1461 706 1545 την
725 1462 883 1545 δύναμιν·
908 1457 986 1527 ἀνθ’
1005 1456 1053 1527 ὧν
1071 1461 1175 1528 αὐτὸν

159 1566 177 1652 ἡ
197 1569 301 1652 βουλὴ
320 1568 502 1654 ὑπαντήσει
520 1592 555 1635 τε
573 1569 804 1658 φιλανθρώπῳ
819 1565 964 1654 ἐδέξατο,
982 1565 1037 1636 καὶ
1051 1568 1175 1654 θριάμ-

156 1677 220 1760 βου
243 1683 356 1761 πομπῇ
380 1674 542 1761 ἐτίμησεν.
565 1745 567 1750 ,

223 1780 364 1848 LVIIII.
393 1778 449 1846 Ἐν
477 1778 514 1848 δὲ
542 1791 587 1870 τῷ
615 1783 696 1867 μετὰ
719 1783 859 1861 τούτους
882 1784 945 1848 έτει
968 1782 1089 1848 ύπατοι
1113 1778 1174 1867 μὲν

156 1883 242 1972 ἦσαν
271 1885 421 1975 Τιβέριος
439 1891 595 1974 Λίμίλιος
616 1892 654 1956 τὸ
679 1891 837 1976 δεύτερον
859 1887 915 1956 καὶ
937 1891 1079 1966 Κόιντος
1104 1889 1173 1954 Φοί·
1189 1908 1214 1950 ιι

156 1998 245 2080 βιος,
273 1991 352 2073 ἑνὸςΙ
373 2004 441 2062 τῶν
466 2007 569 2081 τριῶν
593 1995 747 2081 ἀδελφῶν
770 1995 843 2072 υίὸς
865 2005 933 2060 τῶν
955 1993 1175 2080 ἡγησαμένων

156 2124 191 2166 τε
219 2109 276 2184 τῆς
301 2099 540 2188 ἀποσταλείσης
562 2112 713 2191 φρουρᾶς
735 2103 783 2180 είς
805 2099 998 2189 Κρεμέραν,
1024 2098 1079 2168 καί
1104 2105 1175 2168 δια-

157 2203 359 2293 φθαρέντων
386 2206 456 2274 έκεί
483 2211 548 2275 σύν
570 2218 643 2286 τολς
662 2207 825 2286 πελάταις.
870 2206 891 2291 ἡ
916 2203 954 2273 δὲ
976 2210 1082 2294 βουλὴ
1106 2219 1174 2276 τῶν

158 2313 337 2399 δημάρχων
360 2313 611 2382 ἀνακινούντων
633 2315 734 2381 πόλιν
757 2317 795 2381 τὸ
818 2319 948 2399 πλῆθος
967 2313 1021 2382 έπλ
1039 2324 1079 2403 τῇ
1097 2322 1175 2402 κλη-

158 2423 293 2508 ρουχίρι,
327 2418 383 2485 καὶ
415 2419 728 2508 συναγωνιζομένου
759 2417 907 2508 θατέρου
938 2432 1005 2489 τῶν
1037 2423 1175 2490 ὑπάτων
1188 2442 1215 2483 2⁰

157 2526 272 2604 αὐτοῖς
292 2529 451 2611 Αίμιλίου
476 2529 583 2613 δόγμα
607 2513 807 2616 ἐπεκύρωσε,
828 2531 1040 2614 θεραπεῦσαί
1055 2551 1090 2594 τε
1119 2527 1175 2594 καὶ

157 2632 339 2719 ἀναλαβεῖν
374 2636 454 2712 τοὺς
484 2631 625 2719 πένητας
656 2633 864 2721 βουλομένη,
901 2636 1072 2719 διανεῖμαί
1099 2658 1176 2700 τινα

157 2752 278 2826 μοῖραν
300 2740 413 2818 αὐτοῖς
432 2739 468 2807 έκ
486 2749 544 2826 τῆς
558 2737 737 2807 Ἀντιατῶν
755 2743 875 2830 χώρας,
897 2741 940 2825 ἣν
958 2750 1004 2830 τῷ
1023 2739 1174 2831 προτέρφ

157 2848 221 2912 ἔτει
244 2846 360 2935 δόρατι
383 2844 515 2926 ἑλόντες
536 2845 703 2932 κατέσχον.
749 2845 805 2914 καὶ
828 2847 1077 2936 ἀπεδείχθησαν
1099 2847 1210 2931 ᾗχι-2

157 2955 256 3039 μόνες
278 2963 336 3039 τῆς
358 2957 557 3042 κληρουχίας
585 2957 680 3031 Τίτος
703 2957 860 3032 Κοίντιος
882 2958 1124 3039 Καπιτωλῖνος,
1148 2948 1215 3042 ςόει

86 3057 345 3148 1909παρέδοσαν
361 3057 526 3127 Ἀντιᾶται
549 3069 635 3147 σφόις
658 3061 794 3147 αὐτούς,
814 3058 870 3127 καὶ
895 3063 959 3128 σὺν
981 3060 1070 3149 αὐτῷ
1088 3062 1176 3126 Λεύ-

228 3294 244 3342 2
263 3289 439 3360 κωλυόμενοί
453 3308 483 3344 τε
501 3290 572 3361 πρὸς
591 3292 615 3344 Δ
688 3288 775 3358 3,τὴν
793 3289 876 3345 πόλιν
895 3305 949 3345 om.
964 3289 1012 3344 Ba
1084 3295 1100 3343 8
1118 3289 1174 3343 ύπδ

153 3357 296 3430 Ῥωμαίων
319 3361 471 3416 delendum
493 3377 554 3416 esse
578 3363 674 3416 censet
691 3359 836 3431 Kiessling
909 3367 941 3416 12
966 3359 1176 3431 φιλανθρώπως

156 3429 181 3484 Β
291 3438 323 3488 17
348 3429 479 3504 Κρέμερα
503 3432 581 3488 ABO
695 3439 729 3488 22
757 3430 928 3506 βουλομένης
950 3431 975 3487 Α
1083 3437 1117 3488 23
1143 3427 1176 3486 ἐκ

158 3501 249 3576 (me)
267 3502 290 3556 B
