2674 3978
204 223 244 286 14
627 225 789 276 -Ζ-

20 115 22 212 ι
68 215 73 222 ,

18 399 21 508 t
163 387 311 451 4άλλων
333 383 497 470 άμείνους.
535 378 582 450 ὧν
602 381 633 468 δ’
651 383 841 450 ἀπέκτεινεν
860 383 995 471 ἀνδρῶν
1012 386 1070 463 τὰς
1087 388 1217 464 εἰκόνας

199 490 328 558 ἀνελὼν
351 491 387 558 ἐκ
409 493 532 569 παντὸς
550 492 643 584 ἱεροῦ
661 489 717 558 καὶ
735 495 881 576 βεβήλου
900 494 1016 576 τόπου,
1038 490 1151 577 φέρων
1170 493 1217 569 είς

198 602 277 676 τοὺς
299 598 421 676 αὐτοὺς
443 601 565 676 τόπους
588 599 645 675 τδς
668 600 755 674 ίδίας
778 597 847 664 ἀντ’
868 598 1004 664 ἐκείνων
1023 596 1215 682 ἀνέστησεν·

199 707 304 783 οίκιάς
332 702 363 770 δ’
391 705 501 770 αὐτῶν
523 701 578 768 καὶ
601 706 744 789 κλήρους
766 702 823 770 καὶ
845 705 907 786 τήν
932 705 1053 788 λοιπήν
1075 702 1217 789 ὕπαρξιν

172 810 391 896 ιάναλαβών,
420 810 611 895 ἐξελόμενος
637 812 763 896 χρυσὸν
789 808 845 876 καὶ
873 811 1023 896 άργυρον
1049 808 1106 898 καὶ
1132 817 1168 876 εί
1185 834 1217 875 τι

198 919 280 984 άλλο
306 918 506 1002 τυραννίδος
528 912 571 1001 ἦν
595 915 689 995 ἄξιον
712 907 833 1000 κτῆμα,
860 918 901 982 τὰ
923 917 1023 1004 λοιπδ
1045 927 1115 993 τοῖς
1137 933 1217 999 συγ-

196 1023 460 1089 κατασκευάσασι
487 1024 548 1107 τήν
576 1021 682 1109 ἀρχήν
706 1021 895 1107 ἐχαρίσατο,
922 1025 1078 1098 πλείστας
1101 1018 1138 1088 δέ
1159 1020 1215 1087 καὶ

197 1133 351 1215 μεγίστας
374 1129 501 1210 δωρεάς
523 1141 593 1206 τοίς
614 1127 827 1196 ἀποκτείνασι
849 1133 927 1205 τοὺς
950 1126 1077 1195 ἑαυτῶν
1098 1130 1216 1194 δεσπό-

196 1259 254 1314 τας
278 1235 417 1302 έδίδου·’
430 1236 466 1301 οί
482 1233 512 1301 δ’
533 1225 650 1319 ἠξίουν
670 1239 718 1301 ἔτι
736 1233 791 1300 καί
809 1234 942 1320 γυναιξί
960 1248 1029 1302 τῶν
1047 1237 1215 1301 δεσποτῶν

157 1363 184 1404 ιο
197 1340 253 1408 καὶ
274 1343 463 1427 θυγατράσι
487 1327 665 1408 συνοικεῖν.

250 1448 373 1514 ·VIIII.
410 1450 536 1514 Γενεδιν
564 1446 601 1514 δέ
628 1460 695 1515 τῶν
721 1446 982 1533 πεφονευμένων
1007 1450 1069 1534 τήν
1091 1450 1214 1536 άρρενα

196 1552 266 1620 κατ’
289 1554 391 1642 άρχδις
413 1553 450 1620 έν
473 1553 592 1620 οὐθενί
615 1559 703 1644 λόγῳ
726 1555 965 1639 ποιησάμενος,
988 1555 1138 1646 ὕστερονΙ
1152 1551 1211 1621 εἴτ’

174 1663 176 1667 ’
197 1661 233 1727 έκ
255 1664 463 1744 θεοπροπίου
480 1664 571 1738 τινὸς
589 1667 654 1727 είτε
672 1659 727 1726 καὶ
745 1662 828 1727 κατά
846 1664 905 1728 τὸν
924 1663 1034 1727 είκότα
1052 1664 1213 1746 λογισμὸν

197 1769 238 1833 οὐ
257 1769 376 1852 μικρὸν
395 1768 483 1855 αὐτῷ
504 1766 579 1844 δέος
596 1766 846 1853 ὑποτρέφεσθαι
864 1770 1005 1855 νομίσας
1024 1767 1286 1855 ἐπεχείρησε1331

156 1856 258 1971 Ξμέν
286 1873 323 1939 ἐν
350 1872 456 1961 ἡμέρᾳ
483 1883 544 1960 μιᾷ
570 1883 680 1940 πᾶσαν
708 1873 880 1940 άπολέσαι·
913 1877 1024 1959 δεήσει
1048 1872 1086 1940 δέ
1101 1857 1214 1962 πολλή
1270 1909 1273 1913 ·
1328 1941 1329 1948 ,

167 2059 169 2064 ¹
195 1978 413 2067 χρησαμένων
442 1979 612 2065 ἁπάντων,
639 1977 717 2068 παρ’
744 1972 795 2059 οἷς
823 1983 941 2068 ἔτυχον
965 1983 1003 2047 αί
1022 2005 1057 2047 τε
1080 1981 1215 2067 μητέρες
1328 1967 1329 1974 ¹

174 2086 306 2161 ,αὐτῶν
339 2082 436 2154 οὖσαι
467 2085 524 2153 καὶ
555 2089 590 2154 οί
619 2089 735 2166 παῖδες
766 2092 981 2174 τρεφόμενοι,
1012 2092 1214 2173 χαρίσασθαι

195 2196 399 2286 βουλόμενος
430 2193 543 2271 αὐτοῖς
574 2191 629 2259 καὶ
658 2195 782 2278 ταύτην
811 2195 872 2279 τήν
903 2195 1033 2280 δωρεὰν
1062 2181 1212 2260 θανάτου

195 2295 256 2383 μὲν
288 2298 426 2372 άπολόει
458 2301 547 2386 παρδι
578 2302 731 2385 γνώμην,
762 2302 917 2388 φυλακήν
951 2297 987 2366 δὲ
1014 2301 1213 2385 ποιούμενος
1325 2387 1326 2390 ¹

156 2427 183 2468 νο
196 2404 317 2488 αὐτῶν,
336 2408 380 2490 μή
399 2430 431 2471 τι
451 2407 629 2484 συστάντες
647 2402 715 2493 μετ’
725 2407 886 2492 ’ἀλλήλων
905 2409 1114 2492 βουλεύσωσι
1131 2407 1213 2472 κατδι
1325 2415 1326 2439 ί

194 2520 252 2595 τῆς
274 2514 488 2597 τυραννίδος,
516 2512 648 2578 ἀπιέναι
671 2513 797 2590 πάντας
820 2511 992 2579 ἐκέλευσεν
1017 2512 1053 2578 έκ
1075 2521 1132 2596 τῆς
1153 2515 1213 2578 πό-

194 2623 278 2695 λεως
309 2619 413 2684 ἄλλον
444 2620 528 2705 άλλη
560 2617 615 2684 καὶ
647 2619 778 2684 δίαιταν
810 2624 897 2706 ἔχειν
930 2619 967 2685 έν
998 2631 1067 2696 τοῖς
1098 2615 1213 2702 άγροῑς

70 2773 74 2784 .
194 2728 341 2810 μηθενὸς
358 2735 426 2790 τῶν
443 2728 681 2810 προσηκόντων
700 2725 890 2812 ἐλευθέροις
903 2723 997 2792 παισὶ
1012 2723 1086 2810 μήτ’
1101 2724 1213 2810 Ιἐπιτηε
1323 2705 1324 2744 ³

195 2832 356 2915 δείματος
378 2835 458 2916 μήτε
481 2833 676 2916 μαθήματος
693 2833 1015 2917 μεταλαμβάνοντας,
1038 2831 1122 2898 άλλδι
1140 2855 1213 2900 ποι-
1322 2857 1323 2896 ι

154 2958 180 3007 2⁵
195 2939 374 3029 μαίνοντάς
403 2961 438 3004 τε
470 2936 525 3003 καὶ
557 2932 660 3003 τᾶλλα
691 2939 731 3004 τὰ
760 2940 841 3004 κατδ
871 2941 949 3016 τοὺς
979 2937 1103 3024 άγροὺς
1133 2941 1213 3024 ἔργα
1321 2945 1322 2966 ³

193 3045 406 3132 πράττοντας,
429 3045 579 3127 θάνατον
601 3044 790 3129 ἀπειλήσας,
814 3051 848 3110 εί
866 3069 915 3123 τις
938 3044 971 3124 ἐξ
990 3045 1102 3111 αὐτῶν
1121 3045 1212 3129 εὑρε-

149 3343 153 3351 .
267 3266 475 3326 1άπέκτειναν
499 3270 521 3325 Ο
545 3272 703 3341 praete'rB
776 3271 865 3327 λκαί
889 3271 928 3336 είς
940 3271 1085 3396 Ιβεβήλους
1106 3268 1210 3334 τόπους
1319 3289 1320 3355 η

194 3338 289 3411 φέρων
309 3340 332 3395 Ο
351 3342 504 3410 μεεολοτΒ
555 3345 704 3413 όχρνσίον
723 3343 773 3398 καὶ
791 3343 926 3413 ἀργύριον
1014 3348 1047 3395 12
1067 3342 1210 3411 καταρχὰς

193 3412 445 3486 Βιοίιθεν<ί>Β
507 3418 540 3467 13
559 3414 608 3468 καί
627 3415 682 3469 del.
701 3414 846 3484 Kieusling
907 3419 942 3467 14
961 3409 1209 3482 έπιτρέφεσθαιΟ
1318 3441 1319 3490 η

109 3486 112 3492 ’
145 3540 149 3548 ,
192 3483 406 3555 ὑποτρέφεσθαι
425 3500 448 3538 c.
468 3483 627 3553 Stephanus
682 3491 714 3539 21
736 3487 852 3541 άπείναι
871 3486 893 3540 Ο
914 3501 982 3540 corr.
1003 3483 1125 3554 Sylburg
