2660 3976
540 264 703 312 -Ζ-
1063 261 1127 326 103

110 423 378 510 ἀναγκασθέντες
404 424 565 510 ὑποσχεῖν
591 431 652 489 τοῦ
679 426 756 508 βίον
784 419 839 488 καὶ
866 433 935 489 τῶν
959 422 1130 510 ἐπιτηδευ-

109 531 223 616 μάτων
247 533 343 608 δίκας
365 529 422 607 τὰς
443 531 676 617 προσηκούσας
698 528 830 595 ἔδοσαν.
868 530 965 596 ὁπότε
987 525 1048 613 μὲν
1067 525 1165 598 οὖν3

110 637 173 705 ἀπὸ
196 647 259 704 τοῦ
282 639 460 723 κρατίστου
483 633 636 721 γένοιντο
654 635 693 700 αί
708 635 916 719 διαγνώσεις,
938 635 994 702 καί
1012 643 1131 701 καθαι-

110 748 225 830 ρεθείη
253 744 295 810 τὰ
321 753 389 811 τῶν
416 743 569 828 μεγάλων
592 740 763 828 αὐχήματα
786 744 851 808 σὺν
874 743 966 830 δίκη,
993 740 1077 828 μέγα
1099 766 1132 810 τι

110 847 165 916 καὶ
186 850 388 934 θαυμαστὸν
412 846 565 933 ε’φαίνετο
588 841 676 912 εἶναι
697 855 807 934 χρῆμα
829 850 885 913 καί
907 847 973 916 ὑπὸ
996 848 1131 916 πόντων
1158 872 1171 913 5

50 955 277 1044 ιιοιέπηνεῖτο,
300 955 398 1022 δπότε
422 951 452 1020 δ’
475 953 575 1041 ἀρετή
598 960 813 1040 φθονηθεῖσα
835 953 958 1043 ἀνδρὸς
975 955 1016 1021 τὰ
1034 957 1137 1022 κοινά,

110 1058 148 1129 εὖ
166 1064 378 1139 διοικοῦντος
396 1060 518 1139 ἀδίκως
536 1059 743 1147 ἀναιρεθείη,
762 1062 875 1128 δεινόν
891 1085 923 1128 τι
935 1074 1005 1140 τοῖς
1018 1063 1153 1149 ἀλλοιςΙ
1255 1053 1256 1058 ’

110 1173 338 1254 κατεφαίνετο,
360 1165 416 1233 καί
439 1168 475 1234 οί
494 1177 555 1235 τοῦ
578 1169 680 1244 ἔθους
702 1166 858 1252 ἄρξαντες
875 1178 1131 1254 κατηγοροῦντο.

110 1276 271 1352 πολλάκις
300 1297 334 1339 τε
363 1274 628 1359 βουλευσόμενοι
658 1274 694 1340 οί
715 1270 886 1358 Ῥωμαῖοι,
916 1277 1039 1359 πότερα
1068 1278 1130 1361 χρή
1222 1349 1225 1354 ,

111 1387 294 1447 καταλῦσαι
317 1380 398 1446 αὐτὸ
418 1379 438 1464 ή
456 1380 647 1466 φνλάττειν,
669 1371 743 1446 οἷον
761 1379 850 1466 παρὰ
868 1389 935 1446 τῶν
953 1383 1131 1465 προγόνων
1146 1408 1172 1446 ιο

111 1486 321 1574 παρέλαβον,
352 1483 457 1552 οὐθὲν
485 1483 654 1571 ἐπέθηκαν
680 1494 720 1572 πή
748 1489 854 1571 βουλή
881 1483 992 1572 πέρας.
1037 1489 1069 1552 εί
1095 1484 1168 1552 δὲ4

113 1596 167 1660 δεῖ
189 1596 247 1660 καί
270 1592 373 1660 αὐτὸν
397 1592 636 1678 ἀποφήνασθαι
658 1591 734 1680 περὶ
756 1593 960 1676 τηλικούτων
983 1593 1133 1678 πραγμιί-

113 1723 180 1765 των
204 1701 355 1784 γνώμην,
378 1695 452 1783 ἐμοὶ
476 1700 628 1765 δοκεῖτὸ
652 1695 714 1785 μὲν
737 1701 816 1776 ἐθος
838 1699 919 1765 αὐτὸ
938 1695 1015 1765 καθ’
1035 1697 1132 1765 ἐαυτὸ
1200 1709 1202 1713 ’

115 1803 346 1890 ἐξεταζόμενον
376 1806 541 1891 χρήσιμον
573 1799 659 1870 εἶναι
690 1801 745 1870 καὶ
775 1808 869 1872 πόλει
899 1815 938 1891 τῇ
963 1803 1132 1891 Ῥωμαίων

115 1909 392 1995 ἀναγκαιότατον,
417 1920 568 1996 κρεῖττον
593 1907 631 1975 δέ
653 1909 709 1976 καί
730 1921 843 1996 χεῖρον
866 1913 1022 1995 γίνεσθαι
1044 1913 1132 1996 παρὰ
1147 1935 1174 1978 ιε

113 2019 190 2094 τοὺς
219 2028 289 2082 τῶν
316 2017 496 2103 δημάρχων
522 2020 675 2103 τρόπους.
721 2016 801 2090 ὅταν
829 2014 891 2102 μὲν
918 2018 982 2103 γάρ
1009 2019 1133 2103 τύχωσι

114 2132 169 2207 τῆς
196 2121 349 2202 ἐξουσίας
372 2124 491 2206 ταύτης
514 2123 634 2209 ἀνδρες
658 2124 782 2188 δίκαιοι
804 2121 859 2188 καί
883 2124 1055 2208 σώφρονες
1077 2122 1133 2189 καὶ

114 2229 153 2294 τὰ
183 2229 283 2294 κοινὰ
312 2227 552 2314 ἀναγκαιότερα
581 2241 649 2296 τῶν
680 2231 777 2295 ίδίων
805 2226 991 2313 τιθέμενοι,
1023 2230 1041 2296 ὁ
1071 2225 1133 2315 μέν

115 2332 240 2400 ἀδικῶν
269 2335 309 2399 τὰ
338 2335 436 2400 κοινὰ
464 2338 626 2422 τιμωρίαν
657 2337 753 2420 δοός,
784 2335 827 2418 ἣν
854 2343 1015 2421 προσῆκε,
1046 2339 1132 2402 πολὺ

116 2439 190 2518 δέος
218 2451 289 2518 τοῖς
318 2441 418 2526 ὅμοια
445 2440 768 2529 παρεσκευασμένοις
795 2440 880 2526 δρᾶν
908 2439 1133 2528 ἐνειργάσατο,
1147 2469 1174 2511 ιο

116 2547 133 2613 ὁ
162 2544 194 2612 δ’
224 2546 353 2631 ἀγαθὸς
381 2545 437 2612 καὶ
466 2547 530 2613 ἀπὸ
560 2558 620 2614 τοῦ
649 2551 826 2635 κρατίστου
856 2548 939 2633 πρὸς
967 2548 1007 2612 τά
1036 2549 1133 2614 κοινά

114 2654 245 2740 παριὼν
273 2654 350 2718 οὔτε
378 2655 476 2738 δίκην
504 2653 676 2740 ἀσχήμονα
698 2652 839 2738 ὑπέσχεν
863 2649 932 2718 οὔτ’
958 2654 1006 2730 είς
1027 2656 1134 2730 αἰτίας

115 2759 312 2846 ἀλλοτρίους
333 2769 401 2826 τῶν
424 2760 693 2846 ἐπιτηδευμάτων
716 2756 864 2843 κατέστη.
910 2758 990 2823 ὅταν
1013 2754 1051 2823 δὲ
1073 2760 1169 2826 rto-5

54 2863 212 2951 οιτονηροὶ
239 2862 295 2930 καὶ
323 2863 499 2932 ἀκόλαστοι
526 2865 582 2932 καὶ
609 2867 817 2952 φιλοκερδεῖς
844 2866 1019 2949 ἀνθρωποι
1044 2870 1135 2948 τηλι-

115 2973 236 3056 καότης
254 2970 405 3050 ἐξουσίας
418 2973 554 3058 τύχωσι,
571 2971 729 3038 τάναντία
742 2972 871 3038 τούτων
884 2974 1020 3055 γίνεται.
1053 2968 1128 3036 ὥστ’
1147 2999 1174 3041 τι

116 3081 155 3146 οὐ
177 3081 215 3147 τὸ
241 3081 321 3154 ἔθος
343 3075 618 3166 ἐπανορθοῦσθαι
640 3087 806 3165 προσῆκεν
824 3078 868 3155 ὡς
890 3074 1134 3163 ἡμαρτημένον,

115 3185 199 3252 ἀλλὰ
222 3195 373 3270 σκοπεῖν,
397 3185 486 3262 ὅπως
508 3186 629 3272 ἀνδρες
650 3182 747 3252 καλοὶ
768 3182 824 3250 καί
846 3181 970 3268 ἀγαθοὶ
992 3194 1053 3251 τοῦ
1077 3183 1134 3268 δή-

186 3374 254 3432 9οί
270 3377 367 3432 om.0
387 3377 541 3446 praeterB
602 3383 634 3431 12
653 3370 807 3446 αότδνέμέ
794 3374 1040 3501 ἐΟρτωθίιθτΒΟ
1059 3373 1086 3431 εί
1103 3374 1131 3430 δ’

117 3444 235 3519 ἐίμέδε
255 3448 305 3502 καί
328 3448 414 3503 αὐτόν
438 3448 527 3504 cobet
549 3447 656 3517 ὓδωρ
657 3453 736 3502 ,160
809 3451 843 3501 20

117 3527 149 3576 22
167 3519 278 3591 προιὼν
297 3518 319 3573 Ο
338 3519 448 3588 ταριων
466 3518 611 3588 Kiessling
680 3524 714 3572 23
734 3517 879 3588 ἀλλοτρίας

881 3445 947 3570 νειὲ
948 3445 1092 3519 >ργάσιιτο
1110 3446 1133 3499 Β
