2656 3974
572 177 742 229 -Θ-

150 342 168 408 ὁ
188 341 375 418 συνύπατος
394 339 498 406 αὐτοῦ
512 341 702 424 Ποστόμιος
719 374 756 384 -
772 332 859 421 ἦσαν
877 332 914 402 δὲ
933 334 1031 421 μέσαι
1048 337 1171 415 νύκτες

151 447 304 532 μάλιστα,
328 446 381 512 ὅτε
405 447 440 513 οῖ
461 447 568 522 ῖππεῑς
591 442 751 529 άφίκοντο
766 481 810 492 -
830 444 886 509 διά
908 444 1063 529 κηρύκων
1085 448 1249 511 πολ-1922

150 559 220 619 λῶν
242 555 320 630 τοὺς
342 552 524 637 βουλευτάς
547 550 583 617 έκ
609 559 677 616 τῶν
699 551 815 616 οἰκιῶν
834 548 1020 616 συνεκάλει·
1044 545 1099 612 καλ
1117 552 1172 631 γί-

151 682 242 725 νεται
271 660 378 744 δόγμα
400 663 541 743 βουλῆς,
567 654 648 742 πρὶν
671 653 797 742 ἡμέραν
821 655 974 742 λαμπράν
997 652 1171 741 γενέσθαι,

124 791 137 831 ε
156 769 256 831 Τῖτον
274 761 336 850 μὲν
349 767 509 832 Κοίντιον
527 765 587 829 τὸν
605 762 837 829 ὑπατεύσαντα
854 763 893 828 τὸ
906 763 1031 848 τρίτον,
1050 763 1171 848 ἔχοντα

152 874 230 949 τοὺς
261 870 502 956 ἀκμαιοτάτους
532 881 600 935 τῶν
633 867 719 935 νέων
751 870 868 948 πεζούς
899 892 934 934 τε
963 865 1020 934 καὶ
1050 868 1171 953 ἱππεῖς,

154 977 237 1063 ἀρχῇ
255 975 469 1060 κοσμηθέντα
488 974 670 1064 ἀνθυπάτῳ
688 983 810 1060 χωρεῖν
829 971 881 1040 έπλ
900 977 978 1051 τοὺς
990 978 1170 1058 πολεμίους

153 1081 186 1160 ἐξ
211 1081 349 1167 ἐφόδου·
374 1076 490 1148 Αὖλον
510 1078 547 1148 δέ
567 1084 760 1165 Ποστόμιον
783 1082 842 1146 τὸν
865 1079 978 1167 ἕτερον
1001 1091 1069 1146 τῶν
1085 1081 1171 1146 ὑπά-

152 1212 221 1254 των
248 1188 306 1265 τδις
333 1189 449 1265 λοιπὰς
477 1187 635 1272 δυνάμεις
666 1189 913 1270 συναγαγόντα,
940 1186 979 1263 ἃς
1002 1188 1070 1252 ἔδει
1092 1212 1170 1273 χρο-

113 1320 140 1361 10
153 1296 313 1382 νιῶτερον
347 1300 542 1378 συνελθεῖν,
576 1295 620 1370 ῶς
654 1292 697 1359 δν
727 1293 816 1380 αύτῷ
847 1291 967 1388 τάχους
997 1291 1172 1378 έχχίνηται

117 1406 303 1486 3βοηθεῖν.
340 1399 445 1486 ἡμέρα
470 1397 499 1465 δ’
518 1401 582 1484 ἤδη
607 1398 783 1484 διέφωσκε,
805 1395 860 1463 καλ
879 1398 897 1464 ὁ
916 1400 1072 1475 Κοίντιος
1089 1416 1170 1465 συν-

152 1511 255 1592 ήγαγε
279 1509 356 1584 τοὺς
378 1506 556 1583 ἐθελοντάς
577 1508 861 1591 πεντακισχιλίους
879 1502 1009 1588 μάλιστ’
1031 1507 1170 1589 ἀνδρας·

152 1611 207 1678 καὶ
237 1613 279 1679 ού
307 1615 394 1678 πολὺ
422 1611 565 1698 ἐπισχὼν
593 1611 708 1696 ἐξῆγεν
735 1611 772 1678 ἐκ
799 1621 856 1695 τῆς
882 1614 1018 1689 πόλεως.
1067 1611 1166 1679 τοῦθ’

152 1719 417 1796 ὑποπτεύσαντες
441 1720 560 1803 ἔμενον
584 1719 619 1783 οί
635 1716 777 1785 Αίκανολ
796 1715 850 1783 καὶ
869 1714 949 1804 πρὶν
968 1717 1082 1784 έλθεῖν
1101 1718 1171 1784 ἐπι-

114 1848 140 1889 15
153 1828 293 1912 κουρίαν
319 1834 389 1902 τοῖς
406 1821 577 1908 Ῥωμαίοις
604 1824 826 1911 προσβάλλειν
849 1832 894 1911 τῷ
916 1823 1034 1910 χάρακι
1058 1824 1245 1892 αύτῶν1923

153 1930 253 2016 <καὶ>
282 1929 519 2014 διανοηθέντες
551 1930 595 2008 ὡς
626 1934 684 2019 βίᾳ
715 1927 770 1995 καὶ
802 1932 924 2013 πλήθει
957 1928 1170 2017 ἁλωσόμενον

117 2036 297 2122 4έξῆλθον
330 2036 452 2124 ἀθρόοι
484 2039 559 2124 διχῇ
591 2040 763 2122 νείμαντες
795 2037 924 2113 αὑτούς.
975 2040 1106 2120 γίνεταί
1134 2062 1170 2104 τε

156 2142 258 2228 μέγας
285 2143 377 2227 ἀγὼν
405 2139 449 2208 δι’
476 2142 555 2228 όλης
581 2153 639 2227 τῆς
666 2140 788 2229 ἡμέρας
816 2144 936 2227 ίταμῶς
964 2142 1073 2210 αὐτῶν
1101 2143 1172 2210 έπι-

155 2253 343 2333 βαινόντων
371 2261 442 2328 τοῖς
470 2253 719 2336 προτειχίσμασι
746 2250 827 2314 κατὰ
854 2251 960 2316 πολλὰ
987 2247 1084 2336 μέρη,
1114 2250 1172 2317 καὶ

114 2378 141 2418 20
155 2355 232 2421 ούτε
254 2361 388 2422 παλτῶν
410 2357 486 2422 οὔτε
509 2360 617 2440 βελῶν
640 2357 705 2423 ὑπὸ
728 2353 873 2434 τοξοτῶν
896 2357 973 2422 ούτε
995 2355 1172 2442 χερμάδων

154 2461 218 2527 ἀπὸ
238 2464 425 2547 σφενδόνης
443 2460 632 2548 ἀφιεμένων
650 2462 872 2539 ἀδιαλείπτοις
891 2466 1006 2546 βολαῖς
1019 2461 1173 2550 ἀνειργο-

154 2565 273 2653 μένων.
308 2571 393 2633 ἔνθα
418 2569 459 2654 δὴ
478 2568 805 2657 παρακελευσάμενοι
824 2567 979 2653 ἀλληλοις
997 2567 1015 2632 δ
1033 2592 1068 2634 τε
1085 2568 1172 2634 άπα-

154 2697 209 2752 τος
236 2671 291 2740 καὶ
319 2676 337 2742 ὁ
365 2676 567 2761 πρεσβευτὴς
593 2672 651 2761 ὑφ’
679 2675 737 2742 ἕνα
764 2676 882 2762 καιρὸν
909 2674 1172 2754 ἀναπετάσαντες

227 2864 384 2940 1μέα<αι>
402 2867 516 2930 νύκταις
534 2867 580 2921 Ba
641 2873 657 2921 5
679 2867 774 2921 Τίτιον
793 2867 838 2920 Βε
898 2873 913 2920 9
934 2867 1172 2938 σονειςαηαχόντοι

154 2937 200 2990 Ba
255 2943 288 2991 10
308 2941 456 2993 συνελθεῖν
475 2936 511 2992 διν
529 2938 632 3007 τάχους
649 2937 675 2990 A
734 2943 766 2992 11
786 2935 962 3006 διεπὲφωσκε
981 2938 1003 2992 Ο
1024 2934 1171 3007 έπέφωσκε

154 3025 178 3064 ο.
189 3007 310 3062 Dindorf
321 3009 351 3062 in
366 3010 462 3079 steph.
472 3009 554 3065 Thes.
566 3026 587 3064 ε.
597 3025 623 3062 v.
634 3009 824 3077 διεκιφόσκω,
839 3009 978 3078 διέφωσκε
993 3027 1016 3065 ο,
1026 3009 1173 3081 Kiessling

156 3085 189 3132 12
214 3075 366 3142 ἐθέλοντας
390 3078 412 3134 0
436 3081 510 3147 quod
535 3080 589 3135 def.
609 3079 722 3134 Lobeck
745 3082 781 3134 ad
805 3079 906 3149 Phryn.
929 3099 957 3149 p.
977 3087 993 3134 ’ί
1018 3076 1172 3145 ἐθελοντὰς

155 3150 276 3219 Sylburg
373 3158 407 3205 14
431 3149 573 3221 έμενονΟ
598 3148 711 3220 ἔμελλον
731 3167 753 3204 ο.
774 3149 896 3220 Sylburg
912 3150 985 3205 nihil
1002 3153 1173 3207 mutandum

154 3223 199 3275 est
261 3225 294 3274 16
313 3221 362 3276 καὶ
381 3221 445 3277 εδδ.
464 3220 608 3291 Kiessling
628 3223 632 3290 Ι
653 3220 721 3276 ὥστε
739 3220 786 3275 Βε
848 3228 880 3276 17
899 3222 1002 3285 αύτούς
1020 3223 1072 3278 ΑΒ
1136 3229 1171 3278 18

153 3291 241 3346 verba
262 3292 328 3346 inde
352 3292 388 3346 ab
412 3289 498 3363 μένας
521 3309 608 3360 usque
633 3292 670 3347 ad
693 3286 897 3364 ἐπιβαινόντων
921 3311 974 3348 om.
994 3293 1040 3347 Βει
1135 3299 1172 3348 20

155 3363 243 3434 βελῶν
266 3361 324 3416 άπὸ
347 3379 400 3420 om.
419 3363 470 3418 Bc
494 3364 558 3418 add.
578 3362 652 3434 Omg
677 3366 681 3432 Ι
706 3365 825 3430 τοξοτῶν
845 3362 868 3418 Ο
891 3363 979 3431 τόξων
1004 3383 1026 3420 ο.
1047 3363 1173 3436 Sylburg

155 3430 234 3485 *ὑπὸ
253 3449 304 3501 pro
323 3433 380 3487 ἀπὸ
400 3450 452 3504 ego
