2656 3974
591 242 759 296 -Θ-
1116 243 1181 308 347

164 400 221 468 καὶ
244 396 346 479 αὖθις
367 413 435 469 τῶν
457 403 608 487 ὑπάτων,
635 402 691 469 καί
713 403 809 491 μέχρι
832 409 960 471 πολλοῦ
981 415 1039 490 τής
1062 405 1185 490 ἁψιμα-

89 514 236 596 1856χίας
263 520 331 575 τῶν
358 512 468 592 λόγον
496 508 777 595 ἐκμηκυνθείσης,
804 510 935 596 ἐκείνην
963 507 1024 596 μὲν
1047 513 1108 596 τήν
1133 512 1184 577 έ-

160 618 302 700 κλησίαν
336 613 489 681 διέλυσεν
521 617 570 693 είς
601 617 706 682 νύκτα
739 615 972 700 συγκλεισθεὶς
1004 618 1021 684 ὁ
1053 621 1182 705 χρόνος.

161 720 360 808 προθέντων
384 718 422 787 δὲ
444 723 545 787 πάλιν
568 733 635 788 τῶν
657 723 837 809 δημάρχων
855 726 903 800 είς
921 727 1035 809 τρίτην
1054 724 1182 809 ἀγορὰν

162 830 223 914 τήν
250 827 326 915 περὶ
353 837 414 894 τοῦ
440 831 548 912 νόμον
577 829 774 913 διάγνωσιν,
802 827 858 895 καὶ
886 831 1111 907 συνελθόντος
1134 833 1222 895 ἔτιιε

161 937 318 1012 πλείονος
340 938 387 1012 είς
409 934 514 1019 αὐτὴν
538 936 639 1020 ὄχλου
661 937 699 1002 τὸ
717 938 949 1021 παραπλήσιον
967 947 1013 1025 τῷ
1032 935 1181 1026 προτέρῳ

164 1039 289 1127 συνέβη
322 1040 481 1125 γενέσθαι
513 1042 632 1119 πάθος.
678 1051 777 1108 τοῦτο
807 1044 956 1108 συνιδὼν
984 1044 1002 1110 ὁ
1030 1045 1217 1120 Πύπλιοςῦ

163 1151 250 1233 ἔγνω
274 1151 354 1233 μήτε
377 1159 447 1226 τοῖς
468 1148 607 1225 ὑπάτοις
629 1146 816 1234 ἐπιτρέπειν
839 1151 887 1213 ἔτι
909 1159 970 1215 τοῦ
993 1153 1101 1233 νόμου
1123 1175 1181 1216 κα-

160 1267 317 1340 τηγορεῖν
340 1257 420 1340 μήτε
442 1257 635 1340 πατρικίους
658 1253 717 1320 ἐάν
735 1263 774 1339 τή
793 1245 992 1341 ψηφοφορίᾳ
1009 1267 1178 1340 παρεῖναι·

160 1359 238 1426 καθ’
267 1359 428 1447 ἑταιρείας
457 1362 520 1446 γάρ
549 1358 672 1425 ἐκείνοι
698 1358 754 1425 καὶ
783 1361 865 1426 κατά
894 1361 1084 1446 συστροφάς
1111 1363 1178 1446 άμα
1194 1387 1220 1426 ιο

158 1478 229 1544 τοῖς
252 1465 380 1534 ἑαυτῶν
402 1467 557 1544 πελάταις
575 1466 637 1532 οὐκ
655 1466 782 1549 ὀλίγοις
800 1461 876 1533 οὖσι
894 1467 1002 1532 πολλά
1020 1465 1102 1552 μέρη
1123 1476 1181 1552 τής

160 1572 285 1660 ἀγοράς
315 1584 484 1658 κατεῖχον,
516 1570 762 1650 ἐπικελεύοντές
791 1596 826 1638 τε
855 1584 925 1650 τοῖς
955 1583 1180 1659 κατηγοροῦσι

158 1689 220 1746 τοῦ
247 1682 354 1764 νόμου
378 1677 433 1744 καὶ
455 1681 685 1765 θορυβοῦντες
707 1682 786 1757 τοὺς
807 1677 1102 1765 ἀπολογουμένους
1124 1677 1180 1745 καὶ

159 1785 244 1850 ἀλλα
271 1784 378 1850 πολλὰ
404 1785 621 1870 πράττοντες,
646 1784 806 1870 ἀκοσμίας
828 1808 862 1852 τε
886 1784 942 1851 καὶ
964 1790 1040 1871 βίας
1063 1796 1119 1871 τής
1143 1785 1180 1852 έν

157 1902 231 1968 ταῖς
252 1893 378 1976 ψήφοις
400 1889 560 1978 ἐχομένης
583 1892 768 1976 μηνύματα.
1194 1915 1220 1956 15

225 1996 392 2062 XXXXH.
425 1994 561 2083 Ἐπέσχε
591 1993 625 2063 δ’
658 1998 761 2066 αύτοῦ
790 1998 830 2084 τά
860 1998 1071 2082 βουλεύματα
1098 1999 1179 2063 ὄντα

157 2104 341 2191 τυραννικὰ
360 2101 454 2188 ἑτέρα
473 2112 689 2188 συμπεσοῦσα
707 2105 871 2188 θεήλατος
888 2104 1053 2190 συμφορά.
1080 2106 1179 2182 νόσος

158 2211 222 2298 γάρ
244 2211 352 2295 ήψατο
373 2212 506 2295 λοιμική
524 2219 583 2295 τής
599 2213 738 2294 πόλεως,
761 2206 923 2295 γενομένη
942 2207 1005 2296 μὲν
1023 2208 1078 2276 καὶ
1096 2212 1178 2276 κατά

86 2319 219 2403 1857τήν
242 2318 348 2401 ἀλλην
368 2313 526 2400 Ἰταλίαν,
552 2316 694 2400 μάλιστα
718 2312 755 2381 δὲ
778 2316 989 2382 πλεονάσασα
1011 2319 1094 2382 κατά
1116 2319 1178 2402 τήν

154 2423 294 2509 Ῥώμην·
326 2421 382 2488 καλ
410 2420 480 2488 οὔτ’
506 2423 705 2509 ἀνθρωπίνη
732 2424 875 2508 βοήθεια
902 2425 996 2508 ήρκει
1023 2435 1093 2501 τοίς
1119 2424 1177 2488 κά-
1192 2450 1218 2488 20

159 2547 303 2617 μνουσιν
333 2529 490 2613 οὐδεμία,
520 2526 593 2594 ἀλλ’
624 2527 662 2594 ἐν
691 2537 736 2616 τῷ
769 2535 829 2618 ίσφ
858 2530 952 2596 οἵτε
980 2531 1044 2593 σὺν
1071 2533 1177 2614 πολλή

156 2637 423 2724 θεραπευόμενοι
452 2635 627 2720 φροντίδι,
657 2631 713 2699 καὶ
744 2625 794 2710 οἷς
821 2631 926 2719 μηδὲν
954 2632 1081 2717 ἐγίνετο
1110 2646 1178 2700 τῶν

159 2745 319 2828 θεόντων,
341 2739 569 2825 ἀπέθνησκον·
594 2741 669 2807 ούτε
693 2744 856 2806 λιτανεῖαι
873 2746 965 2806 θεῶν
983 2738 1038 2806 καὶ
1056 2744 1177 2806 θυσίαι

157 2848 213 2916 καὶ
244 2845 295 2934 ἐφ’
328 2848 387 2925 οὓς
416 2849 593 2933 άνθρωποι
622 2842 831 2924 τελευταίους
860 2846 897 2912 έν
928 2857 1000 2924 ταῖς
1028 2848 1176 2913 τοιαῖσδε

157 2955 396 3040 ἀναγκάζονται
414 2954 634 3039 καταφεύγειν
654 2964 852 3039 συμφοραῖς,
876 2953 911 3019 οί
926 2949 996 3018 κατ’
1014 2955 1122 3040 ἀνδρα
1140 2978 1174 3020 τε
1189 2977 1216 3018 ιε

231 3225 265 3274 10
287 3216 341 3289 γάρ
362 3235 416 3274 om.
435 3218 482 3274 Ba
573 3223 604 3272 11
625 3215 801 3290 <τιελάταις>
819 3216 843 3270 Β
862 3231 925 3270 cum
943 3215 1049 3269 rasuris
1142 3223 1175 3271 13

157 3292 349 3364 θορυβοῦντες
368 3290 390 3345 0
409 3291 674 3361 καταθορυβοῦντες
691 3303 714 3342 ο.
729 3285 874 3357 Kiessling
945 3291 978 3342 16
996 3285 1107 3356 ψήφοις
1125 3307 1176 3357 μη-

158 3362 269 3432 νύματα
284 3360 345 3414 sine
361 3355 374 3415 ί
393 3359 495 3431 ομένης
508 3360 531 3413 Β
550 3359 660 3429 ψήφοις
678 3356 835 3428 ἀρχομένης
849 3363 997 3428 μηνύματα
1012 3373 1035 3413 ο.
1052 3357 1175 3413 Sintenis

158 3432 219 3490 Em.
237 3431 321 3487 Dion.
398 3439 432 3488 28
457 3428 590 3501 ἐσομένης
614 3447 636 3484 ο.
657 3429 779 3500 Sylburg
900 3435 934 3484 21
959 3429 992 3484 οἵ
1010 3446 1044 3486 ex
1063 3446 1132 3486 corr.
1151 3430 1174 3483 Β

159 3511 195 3559 24
214 3499 261 3572 ἔφ’
283 3501 325 3564 οἷς
343 3501 409 3556 ἀνῦῐ
427 3507 587 3557 τελευταῖον
606 3501 657 3556 AO
1099 3549 1102 3553 .
