2656 3974
163 250 228 316 346
587 251 755 305 -Θ-

163 431 246 498 σεις,
273 413 313 491 ἃς
340 413 480 480 ἐποιεῖτο
508 413 629 498 μετιὼν
656 415 718 498 τὴν
741 412 847 500 ἀρχὴν
869 415 951 480 κατὰ
974 425 1042 480 τῶν
1064 436 1181 499 πατρι-

126 521 257 605 2κίων,
279 521 324 598 ὡς
346 520 613 607 ἀφαιρησόμενος
635 521 746 586 αὐτῶν
767 522 829 606 την
853 522 960 606 ἰσχύν.
1005 521 1042 597 ὃς
1064 520 1179 605 ἐπειδὴ

161 629 297 714 τάχιστα
333 626 498 710 ἐξεγένετο
535 626 624 714 αὐτῷ
659 628 875 711 λωφήσαντος
906 636 966 692 τοῦ
999 628 1180 712 δαιμονίου

161 737 263 820 χόλου
286 735 326 798 τά
348 735 499 800 πολιτικὰ
517 733 685 819 πράττειν,
708 735 908 817 συναγαγὼν
925 735 985 799 τὸν
1004 733 1112 818 δῆμον
1131 736 1181 811 είς

134 840 338 925 ιίκκλησίαν
360 843 467 926 νόμον
489 840 635 926 εἰσφέρει
652 838 729 926 περὶ
746 851 814 905 τῶν
833 841 1046 927 δημαρχικῶν
1064 839 1181 926 άρχαι-

160 952 296 1033 ρεσίων,
318 947 468 1032 μετάγων
492 946 575 1012 αὐτά
599 946 635 1012 ἐκ
655 956 713 1031 τῆς
730 955 935 1032 φρατριακῆς
952 951 1179 1033 ψηφοφορίας,

160 1053 203 1136 ἣν
224 1055 260 1119 οί
274 1050 430 1138 Ῥωμαῖοι
448 1058 609 1120 καλοῦσιν
627 1062 812 1139 κουριᾶτιν,
834 1051 888 1118 ε’πὶ
905 1055 967 1138 τὴν
986 1055 1178 1138 φυλετικήν.

163 1163 212 1237 τίς
236 1156 272 1225 δὲ
291 1161 420 1226 τούτων
440 1160 586 1247 διαφορά
605 1171 672 1225 τῶν
690 1158 923 1246 ἀρχαιρεσίων,
946 1159 1011 1244 ἐγὼ
1032 1171 1178 1244 σημανῶ.

125 1276 146 1340 3
161 1267 220 1344 τὰς
237 1262 298 1351 μὲν
315 1267 519 1353 φρατριακὰς
531 1269 747 1352 ψηφοφορίας
761 1267 829 1332 ἔδει
842 1265 1180 1352 προβουλευσαμένης

121 1399 147 1437 ιο
160 1381 217 1458 τῆς
234 1376 359 1457 βουλῆς
376 1372 432 1439 καὶ
450 1383 511 1439 τοῦ
528 1375 681 1456 πλήθους
699 1373 781 1439 κατὰ
799 1374 948 1461 φράτρας
964 1374 1023 1451 τὰς
1040 1376 1249 1458 ψηφουςιεσσ
1324 1376 1325 1414 ³

161 1478 407 1564 ἐπενέγκαντος,
430 1478 486 1545 καὶ
507 1476 576 1565 μετ’
598 1479 770 1565 ἀμφύτερα
792 1489 894 1546 ταῦτα
916 1491 983 1546 τῶν
1005 1480 1095 1565 παρὰ
1117 1490 1178 1547 τοῦ

161 1587 337 1670 δαιμονίου
366 1588 512 1670 σημείων
534 1609 569 1651 τε
593 1583 648 1650 καὶ
672 1587 804 1651 οἰωνῶν
827 1581 933 1670 μηδὲν
955 1585 1179 1652 ἐναντιωθέν-

159 1716 243 1774 των,
270 1693 343 1756 τύτε
369 1695 486 1776 κυρίας
512 1687 611 1757 εἶναι·
643 1692 701 1769 τάς
729 1688 766 1757 δὲ
793 1693 971 1777 φυλετικὰς
993 1694 1073 1777 μητε
1097 1714 1179 1778 προ-

160 1797 386 1882 βουλεύματος
403 1796 587 1882 γενομένου
605 1801 685 1883 μήτε
709 1809 777 1864 τῶν
796 1796 913 1884 ίερέων
931 1822 966 1864 τε
984 1796 1040 1863 καὶ
1060 1800 1178 1864 οἰωνο-

120 1927 146 1968 15
161 1908 295 1971 σκύπων
328 1903 634 1990 ἐπιθεσπισάντων,
669 1904 707 1970 ἐν
738 1903 844 1992 ἡμέρᾳ
876 1914 936 1994 μιᾷ
967 1910 1179 1982 τελεσθείσας

159 2011 225 2076 ὑπὸ
248 2023 315 2076 τῶν
338 2016 491 2096 φυλετῶν
514 2010 607 2088 τέλος
630 2013 727 2095 ἔχειν.
771 2009 827 2077 καὶ
849 2007 936 2095 ἦσαν
955 2011 996 2082 ιἐκ
1018 2023 1085 2077 τῶν
1110 2016 1177 2077 λοι-

159 2129 231 2182 πῶν
255 2117 420 2203 τεττάρων
443 2118 624 2204 δημάρχων
647 2119 683 2183 οί
704 2116 979 2204 συνεισφέροντες
1001 2118 1090 2204 αὐτῷ
1115 2119 1177 2184 δύο

161 2225 324 2309 δήμαρχοι
342 2227 401 2290 τὸν
419 2227 539 2309 νόμον·
563 2224 622 2302 οὓς
639 2227 975 2310 προσεταιρισάμενος
990 2225 1178 2291 ἐλαττόνων

123 2336 145 2400 4
160 2329 268 2395 ὄντων
286 2341 352 2396 τῶν
371 2332 415 2415 μὴ
435 2330 537 2396 ταύτά
555 2328 771 2415 βουλομένων
788 2340 917 2413 περιην.
955 2331 990 2395 οἱ
1008 2327 1038 2395 δ’
1054 2330 1177 2396 ύπατοι

119 2460 146 2500 ιο
159 2433 215 2500 καὶ
242 2435 262 2519 η
289 2437 395 2520 βουλὴ
423 2434 478 2502 καὶ
501 2437 621 2514 πάντες
644 2438 680 2503 οί
699 2439 865 2522 πατρίκιοι
887 2438 1030 2502 κωλύειν
1054 2435 1178 2522 ἐπεχεί-

159 2565 244 2627 ρουν
271 2543 331 2607 τὸν
357 2545 476 2626 νόμον·
510 2542 711 2628 ἀφικόμενοί
730 2566 765 2609 τε
788 2543 870 2607 κατά
893 2547 1023 2625 πλῆθος
1045 2545 1093 2619 είς
1115 2545 1177 2627 τὴν

159 2647 297 2734 άνοράν,
320 2645 358 2713 ἐν
379 2641 401 2734 ᾗ
424 2660 585 2731 προεῖπον
609 2648 644 2714 οί
665 2649 829 2733 δήμαρχοι
851 2649 1016 2733 κυρώσειν
1039 2651 1099 2714 τὸν
1120 2653 1177 2716 νύ-

159 2778 224 2839 μον
241 2751 358 2840 ημίρρι,
380 2754 615 2830 παντοδαποὺς
633 2754 777 2838 διῆλθον
796 2757 928 2839 λόγους,
951 2765 1019 2820 τῶν
1037 2751 1073 2820 θ’
1092 2756 1177 2820 ὑπά-

158 2884 225 2926 των
253 2857 308 2925 καὶ
336 2871 403 2925 τῶν
430 2861 667 2946 πρεσβυτάτων
696 2858 732 2926 ἐκ
759 2869 817 2944 τῆς
843 2864 967 2945 βουλῆς
991 2859 1047 2926 καὶ
1070 2863 1176 2928 ἄλλον

6 2989 7 2994 ’
119 2988 145 3030 ει
158 2970 296 3052 παντός,
324 2967 388 3055 ὅτῳ
411 2964 605 3055 βουλομένῳ
629 2961 688 3050 ἦν,
711 2967 769 3044 τάς
792 2965 931 3044 ἐνούσας
954 2966 991 3032 ἐν
1013 2977 1059 3056 τῷ
1081 2972 1176 3058 νόμω

160 3071 341 3151 διεξιόντος
371 3071 516 3150 άτοπιάς.
563 3072 805 3152 ἀντιλεξάντων
835 3069 872 3138 δὲ
900 3084 967 3138 τῶν
995 3074 1177 3161 δημάρχων

230 3305 246 3354 ’ί
270 3298 387 3370 κνράτιν
410 3304 543 3355 καλοῦσιν
562 3302 586 3353 Α
609 3303 726 3355 καλοῦσι
744 3298 862 3371 κνράτιν
882 3301 917 3367 Β,
941 3300 991 3354 sed
1010 3305 1127 3356 καλοῦσι
1145 3301 1177 3356 in

158 3369 213 3424 fine
232 3387 328 3425 versus
346 3371 394 3424 Bb
413 3380 559 3440 κουριᾶτιν
579 3370 668 3426 Cobet
686 3370 751 3427 Obs.
771 3389 798 3440 p.
815 3377 865 3434 181
885 3371 919 3428 ef.
939 3372 977 3426 IX
991 3378 1066 3440 46,3
1142 3379 1176 3428 10

158 3440 297 3511 φράτριος
310 3441 363 3495 ΑΒ
419 3448 450 3495 11
472 3437 707 3511 ἐξενέγκαντοςΑ
763 3448 797 3496 14
816 3439 936 3512 ίερῶνΟ
957 3440 1054 3512 λερέων
1069 3443 1176 3499 Reiske

159 3518 192 3566 16
216 3510 388 3583 φνλε<τῶ>ν
406 3512 453 3565 Bb
478 3517 482 3582 1
508 3513 605 3568 λοιπὸν
624 3513 649 3565 Α
723 3518 755 3567 19
777 3521 866 3568 ταῦτα
886 3513 940 3567 ΑΒ
963 3530 1033 3569 corr.
1052 3514 1177 3584 Sylburg
