<?xml version="1.0" encoding="UTF-8"?>
<!DOCTYPE html PUBLIC "-//W3C//DTD XHTML 1.0 Transitional//EN"
    "http://www.w3.org/TR/xhtml1/DTD/xhtml1-transitional.dtd">
<html xmlns="http://www.w3.org/1999/xhtml" xml:lang="en" lang="en">
 <head>
  <title>
</title>
<meta http-equiv="Content-Type" content="text/html;charset=utf-8" />
  <meta name='ocr-system' content='tesseract 3.04.00' />
  <meta name='ocr-capabilities' content='ocr_page ocr_carea ocr_par ocr_line ocrx_word'/>
</head>
<body>
  <div class='ocr_page' id='page_1' title='image "./dionysihalicarn00unkngoog_0223.png"; bbox 0 0 2586 3972; ppageno 0'>
   <div class='ocr_carea' id='block_1_1' title="bbox 527 256 1118 320">
    <p class='ocr_par' dir='ltr' id='par_1_1' title="bbox 527 256 1118 320">
     <span class='ocr_line' id='line_1_1' title="bbox 527 256 1118 320; baseline -0.002 1"><span class='ocrx_word' id='word_1_1' title='bbox 527 261 695 310; x_wconf 89' lang='grc' dir='ltr'><em>-Η-</em></span> <span class='ocrx_word' id='word_1_2' title='bbox 1053 256 1118 320; x_wconf 82' lang='grc'><strong>213</strong></span> 
     </span>
    </p>
   </div>
   <div class='ocr_carea' id='block_1_2' title="bbox 15 417 1162 2105">
    <p class='ocr_par' dir='ltr' id='par_1_2' title="bbox 15 417 1162 2103">
     <span class='ocr_line' id='line_1_2' title="bbox 52 417 1120 511; baseline 0.002 -29"><span class='ocrx_word' id='word_1_3' title='bbox 52 418 219 484; x_wconf 82' lang='grc' dir='ltr'><em>1646αύτῶν</em></span> <span class='ocrx_word' id='word_1_4' title='bbox 236 421 337 503; x_wconf 83' lang='grc' dir='ltr'><em>ἔσται,</em></span> <span class='ocrx_word' id='word_1_5' title='bbox 355 423 415 486; x_wconf 89' lang='grc' dir='ltr'><em>τόν</em></span> <span class='ocrx_word' id='word_1_6' title='bbox 434 443 468 485; x_wconf 91' lang='grc' dir='ltr'><em>τε</em></span> <span class='ocrx_word' id='word_1_7' title='bbox 486 423 645 503; x_wconf 82' lang='grc' dir='ltr'><em>πόλεμον,</em></span> <span class='ocrx_word' id='word_1_8' title='bbox 663 419 751 511; x_wconf 80' lang='grc' dir='ltr'><em>ὅπως</em></span> <span class='ocrx_word' id='word_1_9' title='bbox 770 417 812 484; x_wconf 84' lang='grc' dir='ltr'><em>ἀν</em></span> <span class='ocrx_word' id='word_1_10' title='bbox 832 420 1004 503; x_wconf 82' lang='grc' dir='ltr'><em>βούληται,</em></span> <span class='ocrx_word' id='word_1_11' title='bbox 1022 443 1120 485; x_wconf 92' lang='grc' dir='ltr'><em>κατα-</em></span> 
     </span>
     <span class='ocr_line' id='line_1_3' title="bbox 107 515 1137 612; baseline 0.002 -22"><span class='ocrx_word' id='word_1_12' title='bbox 107 527 270 592; x_wconf 77' lang='grc' dir='ltr'><em>λύσασθαι</em></span> <span class='ocrx_word' id='word_1_13' title='bbox 299 523 586 612; x_wconf 74' lang='grc' dir='ltr'><em>συγχωρησάντων</em></span> <span class='ocrx_word' id='word_1_14' title='bbox 612 525 768 591; x_wconf 84' lang='grc' dir='ltr'><em>ἀπόντων</em></span> <span class='ocrx_word' id='word_1_15' title='bbox 796 527 969 611; x_wconf 82' lang='grc' dir='ltr'><em>γενήσεται</em></span> <span class='ocrx_word' id='word_1_16' title='bbox 995 515 1137 611; x_wconf 87' lang='grc' dir='ltr'><em>κύριος.Ι</em></span> 
     </span>
     <span class='ocr_line' id='line_1_4' title="bbox 106 627 1153 719; baseline 0 -23"><span class='ocrx_word' id='word_1_17' title='bbox 106 627 223 716; x_wconf 75' lang='grc' dir='ltr'><em>κοίην</em></span> <span class='ocrx_word' id='word_1_18' title='bbox 246 630 342 719; x_wconf 84' lang='grc' dir='ltr'><em>μέχρι</em></span> <span class='ocrx_word' id='word_1_19' title='bbox 365 637 492 700; x_wconf 87' lang='grc' dir='ltr'><em>πολλοῦ</em></span> <span class='ocrx_word' id='word_1_20' title='bbox 515 636 627 717; x_wconf 89' lang='grc' dir='ltr'><em>λόγων</em></span> <span class='ocrx_word' id='word_1_21' title='bbox 649 655 684 697; x_wconf 86' lang='grc' dir='ltr'><em>τε</em></span> <span class='ocrx_word' id='word_1_22' title='bbox 707 631 763 698; x_wconf 83' lang='grc' dir='ltr'><em>καὶ</em></span> <span class='ocrx_word' id='word_1_23' title='bbox 781 631 1031 718; x_wconf 76' lang='grc' dir='ltr'><em>ἀντιμαχήσεων</em></span> <span class='ocrx_word' id='word_1_24' title='bbox 1050 633 1153 697; x_wconf 83' lang='grc' dir='ltr'><em>τῶν3</em></span> 
     </span>
     <span class='ocr_line' id='line_1_5' title="bbox 15 735 1120 826; baseline -0.001 -22"><span class='ocrx_word' id='word_1_25' title='bbox 15 757 17 768; x_wconf 70' lang='lat'><em>²</em></span> <span class='ocrx_word' id='word_1_26' title='bbox 106 735 155 804; x_wconf 77' lang='grc' dir='ltr'><em>ἐπ’</em></span> <span class='ocrx_word' id='word_1_27' title='bbox 182 737 338 823; x_wconf 81' lang='grc' dir='ltr'><em>ἀλληλοις</em></span> <span class='ocrx_word' id='word_1_28' title='bbox 360 737 548 824; x_wconf 79' lang='grc' dir='ltr'><em>γινομένων</em></span> <span class='ocrx_word' id='word_1_29' title='bbox 569 737 647 804; x_wconf 75' lang='grc' dir='ltr'><em>καθ’</em></span> <span class='ocrx_word' id='word_1_30' title='bbox 676 736 818 824; x_wconf 84' lang='grc' dir='ltr'><em>ἑκάστην</em></span> <span class='ocrx_word' id='word_1_31' title='bbox 839 737 966 826; x_wconf 77' lang='grc' dir='ltr'><em>ἡμέραν</em></span> <span class='ocrx_word' id='word_1_32' title='bbox 989 737 1026 804; x_wconf 85' lang='grc' dir='ltr'><em>έν</em></span> <span class='ocrx_word' id='word_1_33' title='bbox 1049 749 1120 816; x_wconf 76' lang='grc' dir='ltr'><em>ταῖς</em></span> 
     </span>
     <span class='ocr_line' id='line_1_6' title="bbox 15 843 1160 934; baseline -0.003 -25"><span class='ocrx_word' id='word_1_34' title='bbox 15 865 17 886; x_wconf 62' lang='lat'>³</span> <span class='ocrx_word' id='word_1_35' title='bbox 105 843 289 930; x_wconf 77' lang='grc' dir='ltr'><em>ἐκκλησίαις</em></span> <span class='ocrx_word' id='word_1_36' title='bbox 315 843 372 910; x_wconf 79' lang='grc' dir='ltr'><em>καὶ</em></span> <span class='ocrx_word' id='word_1_37' title='bbox 399 847 482 911; x_wconf 79' lang='grc' dir='ltr'><em>κατὰ</em></span> <span class='ocrx_word' id='word_1_38' title='bbox 516 847 577 929; x_wconf 79' lang='grc' dir='ltr'><em>τὴν</em></span> <span class='ocrx_word' id='word_1_39' title='bbox 604 845 731 932; x_wconf 86' lang='grc' dir='ltr'><em>ἀγοράν</em></span> <span class='ocrx_word' id='word_1_40' title='bbox 759 849 863 923; x_wconf 85' lang='grc' dir='ltr'><em>πολὺς</em></span> <span class='ocrx_word' id='word_1_41' title='bbox 895 845 999 930; x_wconf 85' lang='grc' dir='ltr'><em>ἀγύν·</em></span> <span class='ocrx_word' id='word_1_42' title='bbox 1033 848 1119 934; x_wconf 78' lang='grc' dir='ltr'><em>ἔργῳ</em></span> <span class='ocrx_word' id='word_1_43' title='bbox 1147 864 1160 906; x_wconf 83' lang='grc'><strong>6</strong></span> 
     </span>
     <span class='ocr_line' id='line_1_7' title="bbox 15 943 1121 1040; baseline -0.006 -16"><span class='ocrx_word' id='word_1_44' title='bbox 15 951 21 1024; x_wconf 75' lang='grc' dir='ltr'><em>λ</em></span> <span class='ocrx_word' id='word_1_45' title='bbox 102 953 170 1038; x_wconf 81' lang='grc' dir='ltr'><em>’γὰρ</em></span> <span class='ocrx_word' id='word_1_46' title='bbox 194 951 257 1037; x_wconf 84' lang='grc' dir='ltr'><em>οὐχ</em></span> <span class='ocrx_word' id='word_1_47' title='bbox 284 943 359 1018; x_wconf 80' lang='grc' dir='ltr'><em>οἷόν</em></span> <span class='ocrx_word' id='word_1_48' title='bbox 388 949 416 1016; x_wconf 91' lang='grc' dir='ltr'><em>τ’</em></span> <span class='ocrx_word' id='word_1_49' title='bbox 446 946 489 1034; x_wconf 77' lang='grc' dir='ltr'><em>ἦν</em></span> <span class='ocrx_word' id='word_1_50' title='bbox 518 950 681 1040; x_wconf 77' lang='grc' dir='ltr'><em>οὐδετέρῳ</em></span> <span class='ocrx_word' id='word_1_51' title='bbox 709 953 893 1036; x_wconf 78' lang='grc' dir='ltr'><em>βιάσασθαι</em></span> <span class='ocrx_word' id='word_1_52' title='bbox 920 955 980 1019; x_wconf 86' lang='grc' dir='ltr'><em>τὸν</em></span> <span class='ocrx_word' id='word_1_53' title='bbox 1007 951 1121 1036; x_wconf 80' lang='grc' dir='ltr'><em>ἕτερον</em></span> 
     </span>
     <span class='ocr_line' id='line_1_8' title="bbox 104 1052 1157 1145; baseline 0.004 -22"><span class='ocrx_word' id='word_1_54' title='bbox 104 1067 160 1142; x_wconf 78' lang='grc' dir='ltr'><em>τῆς</em></span> <span class='ocrx_word' id='word_1_55' title='bbox 174 1060 328 1142; x_wconf 73' lang='grc' dir='ltr'><em>ἰσοτίμου</em></span> <span class='ocrx_word' id='word_1_56' title='bbox 344 1057 449 1145; x_wconf 74' lang='grc' dir='ltr'><em>ἀρχῆς</em></span> <span class='ocrx_word' id='word_1_57' title='bbox 470 1056 603 1135; x_wconf 82' lang='grc' dir='ltr'><em>ἀξιώσει</em></span> <span class='ocrx_word' id='word_1_58' title='bbox 621 1061 880 1143; x_wconf 83' lang='grc' dir='ltr'><em>κρατυνόμενον.</em></span> <span class='ocrx_word' id='word_1_59' title='bbox 913 1059 956 1136; x_wconf 78' lang='grc' dir='ltr'><em>ὡς</em></span> <span class='ocrx_word' id='word_1_60' title='bbox 970 1055 1000 1124; x_wconf 76' lang='grc' dir='ltr'><em>δ’</em></span> <span class='ocrx_word' id='word_1_61' title='bbox 1020 1052 1157 1130; x_wconf 63' lang='grc' dir='ltr'><em>ούόὲἷά</em></span> 
     </span>
     <span class='ocr_line' id='line_1_9' title="bbox 104 1163 1120 1252; baseline 0.003 -23"><span class='ocrx_word' id='word_1_62' title='bbox 104 1174 158 1248; x_wconf 83' lang='grc' dir='ltr'><em>τῆς</em></span> <span class='ocrx_word' id='word_1_63' title='bbox 190 1167 397 1250; x_wconf 77' lang='grc' dir='ltr'><em>φιλονεικίας</em></span> <span class='ocrx_word' id='word_1_64' title='bbox 429 1163 555 1248; x_wconf 82' lang='grc' dir='ltr'><em>ἐγίνετο</em></span> <span class='ocrx_word' id='word_1_65' title='bbox 588 1163 706 1251; x_wconf 88' lang='grc' dir='ltr'><em>πέρας,</em></span> <span class='ocrx_word' id='word_1_66' title='bbox 743 1164 870 1252; x_wconf 80' lang='grc' dir='ltr'><em>ἡμέραν</em></span> <span class='ocrx_word' id='word_1_67' title='bbox 901 1168 1070 1251; x_wconf 83' lang='grc' dir='ltr'><em>προειπὼν</em></span> <span class='ocrx_word' id='word_1_68' title='bbox 1102 1165 1120 1232; x_wconf 85' lang='grc' dir='ltr'><strong>ὁ</strong></span> 
     </span>
     <span class='ocr_line' id='line_1_10' title="bbox 110 1264 1122 1358; baseline 0.002 -22"><span class='ocrx_word' id='word_1_69' title='bbox 110 1273 246 1356; x_wconf 77' lang='grc' dir='ltr'><em>Τύλλος,</em></span> <span class='ocrx_word' id='word_1_70' title='bbox 269 1270 306 1337; x_wconf 81' lang='grc' dir='ltr'><em>ἐν</em></span> <span class='ocrx_word' id='word_1_71' title='bbox 329 1264 351 1358; x_wconf 77' lang='grc' dir='ltr'><em>ᾗ</em></span> <span class='ocrx_word' id='word_1_72' title='bbox 374 1274 433 1338; x_wconf 88' lang='grc' dir='ltr'><em>τὸν</em></span> <span class='ocrx_word' id='word_1_73' title='bbox 451 1272 610 1356; x_wconf 75' lang='grc' dir='ltr'><em>Μάρκιον</em></span> <span class='ocrx_word' id='word_1_74' title='bbox 633 1270 805 1337; x_wconf 77' lang='grc' dir='ltr'><em>ἐκέλευσεν</em></span> <span class='ocrx_word' id='word_1_75' title='bbox 823 1271 917 1354; x_wconf 75' lang='grc' dir='ltr'><em>ἥκειν</em></span> <span class='ocrx_word' id='word_1_76' title='bbox 935 1272 996 1355; x_wconf 79' lang='grc' dir='ltr'><em>την</em></span> <span class='ocrx_word' id='word_1_77' title='bbox 1015 1272 1122 1358; x_wconf 80' lang='grc' dir='ltr'><em>ἀρχὴν</em></span> 
     </span>
     <span class='ocr_line' id='line_1_11' title="bbox 105 1376 1161 1464; baseline -0.002 -22"><span class='ocrx_word' id='word_1_78' title='bbox 105 1377 365 1463; x_wconf 79' lang='grc' dir='ltr'><em>ἀποθησόμενον</em></span> <span class='ocrx_word' id='word_1_79' title='bbox 382 1376 437 1444; x_wconf 79' lang='grc' dir='ltr'><em>καὶ</em></span> <span class='ocrx_word' id='word_1_80' title='bbox 456 1379 554 1463; x_wconf 77' lang='grc' dir='ltr'><em>δίκην</em></span> <span class='ocrx_word' id='word_1_81' title='bbox 568 1376 733 1464; x_wconf 76' lang='grc' dir='ltr'><em>ὑφέξοντα</em></span> <span class='ocrx_word' id='word_1_82' title='bbox 751 1387 809 1462; x_wconf 75' lang='grc' dir='ltr'><em>τῆς</em></span> <span class='ocrx_word' id='word_1_83' title='bbox 826 1379 1019 1463; x_wconf 80' lang='grc' dir='ltr'><em>προδοσίας,</em></span> <span class='ocrx_word' id='word_1_84' title='bbox 1037 1385 1121 1462; x_wconf 81' lang='grc' dir='ltr'><em>θρα-</em></span> <span class='ocrx_word' id='word_1_85' title='bbox 1135 1401 1161 1440; x_wconf 89' lang='lat'><em>10</em></span> 
     </span>
     <span class='ocr_line' id='line_1_12' title="bbox 105 1481 1122 1571; baseline -0.002 -21"><span class='ocrx_word' id='word_1_86' title='bbox 105 1487 266 1562; x_wconf 88' lang='grc' dir='ltr'><em>συτάτους</em></span> <span class='ocrx_word' id='word_1_87' title='bbox 289 1481 317 1550; x_wconf 85' lang='grc' dir='ltr'><em>τ’</em></span> <span class='ocrx_word' id='word_1_88' title='bbox 346 1486 471 1571; x_wconf 79' lang='grc' dir='ltr'><em>ἀνδρας</em></span> <span class='ocrx_word' id='word_1_89' title='bbox 498 1486 698 1571; x_wconf 76' lang='grc' dir='ltr'><em>εὐεργεσιῶν</em></span> <span class='ocrx_word' id='word_1_90' title='bbox 721 1483 852 1551; x_wconf 80' lang='grc' dir='ltr'><em>ἐλπίσιν</em></span> <span class='ocrx_word' id='word_1_91' title='bbox 875 1483 998 1570; x_wconf 87' lang='grc' dir='ltr'><em>έπάρας</em></span> <span class='ocrx_word' id='word_1_92' title='bbox 1022 1482 1122 1569; x_wconf 89' lang='grc' dir='ltr'><em>ἀρχη-</em></span> 
     </span>
     <span class='ocr_line' id='line_1_13' title="bbox 104 1589 1122 1678; baseline -0.003 -20"><span class='ocrx_word' id='word_1_93' title='bbox 104 1595 182 1676; x_wconf 87' lang='grc' dir='ltr'><em>γοὺς</em></span> <span class='ocrx_word' id='word_1_94' title='bbox 206 1591 347 1658; x_wconf 82' lang='grc' dir='ltr'><em>ἀνοσίου</em></span> <span class='ocrx_word' id='word_1_95' title='bbox 376 1593 476 1678; x_wconf 82' lang='grc' dir='ltr'><em>ἔργον</em></span> <span class='ocrx_word' id='word_1_96' title='bbox 500 1590 675 1676; x_wconf 77' lang='grc' dir='ltr'><em>γενέσθαι,</em></span> <span class='ocrx_word' id='word_1_97' title='bbox 702 1600 813 1678; x_wconf 80' lang='grc' dir='ltr'><em>παρῆν</em></span> <span class='ocrx_word' id='word_1_98' title='bbox 835 1593 883 1668; x_wconf 89' lang='grc' dir='ltr'><em>είς</em></span> <span class='ocrx_word' id='word_1_99' title='bbox 905 1592 966 1675; x_wconf 79' lang='grc' dir='ltr'><em>τὴν</em></span> <span class='ocrx_word' id='word_1_100' title='bbox 990 1589 1122 1656; x_wconf 76' lang='grc' dir='ltr'><em>ἀποδει-</em></span> 
     </span>
     <span class='ocr_line' id='line_1_14' title="bbox 15 1694 1121 1785; baseline -0.003 -20"><span class='ocrx_word' id='word_1_101' title='bbox 15 1757 17 1782; x_wconf 39' lang='lat'>2</span> <span class='ocrx_word' id='word_1_102' title='bbox 104 1706 248 1784; x_wconf 79' lang='grc' dir='ltr'><em>χθείσαν</em></span> <span class='ocrx_word' id='word_1_103' title='bbox 280 1697 408 1785; x_wconf 85' lang='grc' dir='ltr'><em>ἀγορὰν</em></span> <span class='ocrx_word' id='word_1_104' title='bbox 444 1695 499 1764; x_wconf 87' lang='grc' dir='ltr'><em>καὶ</em></span> <span class='ocrx_word' id='word_1_105' title='bbox 530 1699 711 1783; x_wconf 73' lang='grc' dir='ltr'><em>παρελθὼν</em></span> <span class='ocrx_word' id='word_1_106' title='bbox 741 1694 794 1763; x_wconf 79' lang='grc' dir='ltr'><em>ἐπὶ</em></span> <span class='ocrx_word' id='word_1_107' title='bbox 826 1700 863 1764; x_wconf 93' lang='grc' dir='ltr'><em>τὸ</em></span> <span class='ocrx_word' id='word_1_108' title='bbox 898 1701 987 1783; x_wconf 76' lang='grc' dir='ltr'><em>βῆμα</em></span> <span class='ocrx_word' id='word_1_109' title='bbox 1016 1702 1121 1782; x_wconf 76' lang='grc' dir='ltr'><em>πολλῇ</em></span> 
     </span>
     <span class='ocr_line' id='line_1_15' title="bbox 104 1802 1122 1893; baseline -0.004 -21.322"><span class='ocrx_word' id='word_1_110' title='bbox 104 1808 287 1893; x_wconf 75' lang='grc' dir='ltr'><em>κατηγορίᾳ</em></span> <span class='ocrx_word' id='word_1_111' title='bbox 310 1803 470 1890; x_wconf 78' lang='grc' dir='ltr'><em>ἐχρήσατο</em></span> <span class='ocrx_word' id='word_1_112' title='bbox 490 1815 553 1877; x_wconf 84' lang='grc' dir='ltr'><em>Ιτοῦ</em></span> <span class='ocrx_word' id='word_1_113' title='bbox 571 1807 742 1891; x_wconf 85' lang='grc' dir='ltr'><em>Μαρκίου,</em></span> <span class='ocrx_word' id='word_1_114' title='bbox 765 1802 820 1870; x_wconf 84' lang='grc' dir='ltr'><em>καὶ</em></span> <span class='ocrx_word' id='word_1_115' title='bbox 843 1805 875 1870; x_wconf 90' lang='grc' dir='ltr'><em>εί</em></span> <span class='ocrx_word' id='word_1_116' title='bbox 897 1805 942 1889; x_wconf 79' lang='grc' dir='ltr'><em>μη</em></span> <span class='ocrx_word' id='word_1_117' title='bbox 966 1806 1122 1888; x_wconf 84' lang='grc' dir='ltr'><em>βούλοιτο</em></span> 
     </span>
     <span class='ocr_line' id='line_1_16' title="bbox 103 1909 1162 2000; baseline -0.005 -23"><span class='ocrx_word' id='word_1_118' title='bbox 103 1911 297 1980; x_wconf 73' lang='grc' dir='ltr'><em>ἀποθέσθαι</em></span> <span class='ocrx_word' id='word_1_119' title='bbox 329 1913 391 1996; x_wconf 75' lang='grc' dir='ltr'><em>τὴν</em></span> <span class='ocrx_word' id='word_1_120' title='bbox 419 1911 524 1997; x_wconf 79' lang='grc' dir='ltr'><em>ἀρχὴν</em></span> <span class='ocrx_word' id='word_1_121' title='bbox 555 1909 639 1977; x_wconf 81' lang='grc' dir='ltr'><em>ἑκών</em></span> <span class='ocrx_word' id='word_1_122' title='bbox 646 1961 656 1996; x_wconf 86' lang='grc'>,</span> <span class='ocrx_word' id='word_1_123' title='bbox 689 1919 733 1998; x_wconf 77' lang='grc' dir='ltr'><em>τῷ</em></span> <span class='ocrx_word' id='word_1_124' title='bbox 765 1913 859 2000; x_wconf 76' lang='grc' dir='ltr'><em>δήμῳ</em></span> <span class='ocrx_word' id='word_1_125' title='bbox 886 1911 1122 1997; x_wconf 85' lang='grc' dir='ltr'><em>παρεκελεύετο</em></span> <span class='ocrx_word' id='word_1_126' title='bbox 1137 1930 1162 1972; x_wconf 81' lang='lat'><em>1⁵</em></span> 
     </span>
     <span class='ocr_line' id='line_1_17' title="bbox 103 2017 659 2105; baseline -0.004 -21"><span class='ocrx_word' id='word_1_127' title='bbox 103 2021 226 2086; x_wconf 81' lang='grc' dir='ltr'><em>παύειν</em></span> <span class='ocrx_word' id='word_1_128' title='bbox 249 2018 353 2084; x_wconf 84' lang='grc' dir='ltr'><em>αὐτὸν</em></span> <span class='ocrx_word' id='word_1_129' title='bbox 375 2017 485 2105; x_wconf 85' lang='grc' dir='ltr'><em>ἀπάση</em></span> <span class='ocrx_word' id='word_1_130' title='bbox 510 2019 659 2103; x_wconf 80' lang='grc' dir='ltr'><em>όυνάμει.</em></span> 
     </span>
    </p>
   </div>
   <div class='ocr_carea' id='block_1_3' title="bbox 15 2121 1162 2649">
    <p class='ocr_par' dir='ltr' id='par_1_3' title="bbox 49 2121 1123 2210">
     <span class='ocr_line' id='line_1_18' title="bbox 49 2121 1123 2210; baseline 0.001 -22.025"><span class='ocrx_word' id='word_1_131' title='bbox 49 2139 105 2191; x_wconf 81' lang='grc'><strong>1646</strong></span> <span class='ocrx_word' id='word_1_132' title='bbox 170 2124 314 2191; x_wconf 85' lang='lat' dir='ltr'>LVIIII.</span> <span class='ocrx_word' id='word_1_133' title='bbox 352 2121 617 2210; x_wconf 72' lang='grc' dir='ltr'><em>Ἀναβάντοςόλ</em></span> <span class='ocrx_word' id='word_1_134' title='bbox 644 2133 704 2192; x_wconf 87' lang='grc' dir='ltr'><em>τοῦ</em></span> <span class='ocrx_word' id='word_1_135' title='bbox 728 2123 851 2210; x_wconf 79' lang='grc' dir='ltr'><em>ἀνδρὸς</em></span> <span class='ocrx_word' id='word_1_136' title='bbox 874 2122 927 2190; x_wconf 79' lang='grc' dir='ltr'><em>ἐπὶ</em></span> <span class='ocrx_word' id='word_1_137' title='bbox 954 2121 1059 2206; x_wconf 68' lang='grc' dir='ltr'><em>τῆν’</em></span> <span class='ocrx_word' id='word_1_138' title='bbox 1042 2144 1123 2189; x_wconf 89' lang='grc' dir='ltr'><em>απο-</em></span> 
     </span>
    </p>

    <p class='ocr_par' dir='ltr' id='par_1_4' title="bbox 16 2229 1123 2318">
     <span class='ocr_line' id='line_1_19' title="bbox 16 2229 1123 2318; baseline -0.004 -18"><span class='ocrx_word' id='word_1_139' title='bbox 16 2251 17 2254; x_wconf 75' lang='grc'>’</span> <span class='ocrx_word' id='word_1_140' title='bbox 106 2237 225 2318; x_wconf 89' lang='grc' dir='ltr'><em>λογίαν</em></span> <span class='ocrx_word' id='word_1_141' title='bbox 252 2233 315 2316; x_wconf 82' lang='grc' dir='ltr'><em>βοή</em></span> <span class='ocrx_word' id='word_1_142' title='bbox 343 2253 379 2296; x_wconf 89' lang='grc' dir='ltr'><em>τε</em></span> <span class='ocrx_word' id='word_1_143' title='bbox 405 2233 512 2314; x_wconf 79' lang='grc' dir='ltr'><em>πολλὴ</em></span> <span class='ocrx_word' id='word_1_144' title='bbox 542 2233 720 2297; x_wconf 85' lang='grc' dir='ltr'><em>κωλύουσα</em></span> <span class='ocrx_word' id='word_1_145' title='bbox 748 2234 827 2309; x_wconf 85' lang='grc' dir='ltr'><em>τοὺς</em></span> <span class='ocrx_word' id='word_1_146' title='bbox 854 2234 976 2314; x_wconf 89' lang='grc' dir='ltr'><em>λόγους</em></span> <span class='ocrx_word' id='word_1_147' title='bbox 1003 2229 1039 2296; x_wconf 87' lang='grc' dir='ltr'><em>έκ</em></span> <span class='ocrx_word' id='word_1_148' title='bbox 1065 2239 1123 2315; x_wconf 89' lang='grc' dir='ltr'><em>της</em></span> 
     </span>
    </p>

    <p class='ocr_par' dir='ltr' id='par_1_5' title="bbox 15 2334 1162 2649">
     <span class='ocr_line' id='line_1_20' title="bbox 15 2334 1123 2424; baseline -0.002 -20"><span class='ocrx_word' id='word_1_149' title='bbox 15 2355 16 2366; x_wconf 74' lang='grc'>’</span> <span class='ocrx_word' id='word_1_150' title='bbox 106 2337 251 2424; x_wconf 81' lang='grc' dir='ltr'><em>ἑταιρίας</em></span> <span class='ocrx_word' id='word_1_151' title='bbox 273 2361 331 2420; x_wconf 93' lang='grc' dir='ltr'><em>της</em></span> <span class='ocrx_word' id='word_1_152' title='bbox 352 2335 480 2422; x_wconf 82' lang='grc' dir='ltr'><em>περὶ</em></span> <span class='ocrx_word' id='word_1_153' title='bbox 451 2361 509 2402; x_wconf 92' lang='grc' dir='ltr'><em>τον</em></span> <span class='ocrx_word' id='word_1_154' title='bbox 534 2339 664 2404; x_wconf 88' lang='grc' dir='ltr'><em>Τύλλον</em></span> <span class='ocrx_word' id='word_1_155' title='bbox 683 2337 823 2421; x_wconf 80' lang='grc' dir='ltr'><em>ἐγίνετο</em></span> <span class='ocrx_word' id='word_1_156' title='bbox 846 2334 902 2402; x_wconf 88' lang='grc' dir='ltr'><em>καὶ</em></span> <span class='ocrx_word' id='word_1_157' title='bbox 923 2338 1004 2422; x_wconf 86' lang='grc' dir='ltr'><em>μετά</em></span> <span class='ocrx_word' id='word_1_158' title='bbox 1021 2347 1123 2404; x_wconf 84' lang='grc' dir='ltr'><em>ταῦτα</em></span> 
     </span>
     <span class='ocr_line' id='line_1_21' title="bbox 106 2444 1162 2531; baseline -0.003 -17.317"><span class='ocrx_word' id='word_1_159' title='bbox 106 2451 191 2512; x_wconf 83' lang='grc' dir='ltr'><em>Παίε</em></span> <span class='ocrx_word' id='word_1_160' title='bbox 210 2444 267 2511; x_wconf 81' lang='grc' dir='ltr'><em>καὶ</em></span> <span class='ocrx_word' id='word_1_161' title='bbox 285 2445 395 2510; x_wconf 88' lang='grc' dir='ltr'><em>Βάλλε</em></span> <span class='ocrx_word' id='word_1_162' title='bbox 412 2453 605 2530; x_wconf 81' lang='grc' dir='ltr'><em>φωνοῦντες</em></span> <span class='ocrx_word' id='word_1_163' title='bbox 622 2448 848 2530; x_wconf 85' lang='grc' dir='ltr'><em>περιίστανται</em></span> <span class='ocrx_word' id='word_1_164' title='bbox 867 2444 969 2512; x_wconf 83' lang='grc' dir='ltr'><em>αὐτὸν</em></span> <span class='ocrx_word' id='word_1_165' title='bbox 987 2446 1024 2512; x_wconf 84' lang='grc' dir='ltr'><em>οί</em></span> <span class='ocrx_word' id='word_1_166' title='bbox 1038 2452 1123 2531; x_wconf 76' lang='grc' dir='ltr'><em>θρα·</em></span> <span class='ocrx_word' id='word_1_167' title='bbox 1137 2466 1162 2505; x_wconf 77' lang='lat'><em>20</em></span> 
     </span>
     <span class='ocr_line' id='line_1_22' title="bbox 106 2550 1156 2649; baseline -0.002 -31"><span class='ocrx_word' id='word_1_168' title='bbox 106 2554 242 2620; x_wconf 87' lang='grc' dir='ltr'><em>σύτατοι</em></span> <span class='ocrx_word' id='word_1_169' title='bbox 264 2550 320 2618; x_wconf 81' lang='grc' dir='ltr'><em>καὶ</em></span> <span class='ocrx_word' id='word_1_170' title='bbox 339 2551 598 2638; x_wconf 74' lang='grc' dir='ltr'><em>συναράττοντες</em></span> <span class='ocrx_word' id='word_1_171' title='bbox 616 2562 686 2628; x_wconf 78' lang='grc' dir='ltr'><em>τοῖς</em></span> <span class='ocrx_word' id='word_1_172' title='bbox 703 2553 814 2629; x_wconf 73' lang='grc' dir='ltr'><em>λίθοις</em></span> <span class='ocrx_word' id='word_1_173' title='bbox 832 2550 1156 2649; x_wconf 35' lang='grc' dir='ltr'><em>ἀποκτιννύουσινὲ.</em></span> 
     </span>
    </p>
   </div>
   <div class='ocr_carea' id='block_1_4' title="bbox 105 2653 1164 3172">
    <p class='ocr_par' dir='ltr' id='par_1_6' title="bbox 105 2653 1164 3172">
     <span class='ocr_line' id='line_1_23' title="bbox 106 2653 1124 2747; baseline -0.005 -21"><span class='ocrx_word' id='word_1_174' title='bbox 106 2657 307 2747; x_wconf 78' lang='grc' dir='ltr'><em>ἐρριμμένου</em></span> <span class='ocrx_word' id='word_1_175' title='bbox 341 2653 371 2722; x_wconf 79' lang='grc' dir='ltr'><em>δ’</em></span> <span class='ocrx_word' id='word_1_176' title='bbox 404 2658 508 2724; x_wconf 86' lang='grc' dir='ltr'><em>αὐτοῦ</em></span> <span class='ocrx_word' id='word_1_177' title='bbox 537 2655 638 2743; x_wconf 79' lang='grc' dir='ltr'><em>χαμαί</em></span> <span class='ocrx_word' id='word_1_178' title='bbox 668 2659 750 2724; x_wconf 87' lang='grc' dir='ltr'><em>κατά</em></span> <span class='ocrx_word' id='word_1_179' title='bbox 769 2659 840 2742; x_wconf 78' lang='grc' dir='ltr'><em>’την</em></span> <span class='ocrx_word' id='word_1_180' title='bbox 871 2658 997 2745; x_wconf 81' lang='grc' dir='ltr'><em>ἀγορὰν</em></span> <span class='ocrx_word' id='word_1_181' title='bbox 1027 2658 1063 2722; x_wconf 77' lang='grc' dir='ltr'><em>οἵ</em></span> <span class='ocrx_word' id='word_1_182' title='bbox 1088 2681 1124 2722; x_wconf 90' lang='grc' dir='ltr'><em>τε</em></span> 
     </span>
     <span class='ocr_line' id='line_1_24' title="bbox 105 2761 1123 2855; baseline 0 -23"><span class='ocrx_word' id='word_1_183' title='bbox 105 2769 371 2855; x_wconf 85' lang='grc' dir='ltr'><em>παραγενόμενοι</em></span> <span class='ocrx_word' id='word_1_184' title='bbox 388 2773 434 2853; x_wconf 79' lang='grc' dir='ltr'><em>τῷ</em></span> <span class='ocrx_word' id='word_1_185' title='bbox 453 2764 555 2831; x_wconf 73' lang='grc' dir='ltr'><em>πόθει</em></span> <span class='ocrx_word' id='word_1_186' title='bbox 573 2761 630 2830; x_wconf 80' lang='grc' dir='ltr'><em>καί</em></span> <span class='ocrx_word' id='word_1_187' title='bbox 652 2764 688 2830; x_wconf 86' lang='grc' dir='ltr'><em>οί</em></span> <span class='ocrx_word' id='word_1_188' title='bbox 707 2765 787 2848; x_wconf 81' lang='grc' dir='ltr'><em>μετὰ</em></span> <span class='ocrx_word' id='word_1_189' title='bbox 805 2761 895 2832; x_wconf 84' lang='grc' dir='ltr'><em>ταῦτ’</em></span> <span class='ocrx_word' id='word_1_190' title='bbox 918 2767 982 2849; x_wconf 75' lang='grc' dir='ltr'><em>ἤδη</em></span> <span class='ocrx_word' id='word_1_191' title='bbox 1000 2774 1123 2849; x_wconf 86' lang='grc' dir='ltr'><em>νεκροῦ</em></span> 
     </span>
     <span class='ocr_line' id='line_1_25' title="bbox 107 2864 1123 2958; baseline -0.005 -18"><span class='ocrx_word' id='word_1_192' title='bbox 107 2875 205 2951; x_wconf 81' lang='grc' dir='ltr'><em>ὄντος</em></span> <span class='ocrx_word' id='word_1_193' title='bbox 223 2872 420 2958; x_wconf 88' lang='grc' dir='ltr'><em>ἀφικόμενοι</em></span> <span class='ocrx_word' id='word_1_194' title='bbox 438 2875 498 2937; x_wconf 91' lang='grc' dir='ltr'><em>τόν</em></span> <span class='ocrx_word' id='word_1_195' title='bbox 516 2864 544 2936; x_wconf 89' lang='grc' dir='ltr'><em>τ’</em></span> <span class='ocrx_word' id='word_1_196' title='bbox 565 2872 674 2957; x_wconf 80' lang='grc' dir='ltr'><em>ἀνδρα</em></span> <span class='ocrx_word' id='word_1_197' title='bbox 696 2880 754 2957; x_wconf 82' lang='grc' dir='ltr'><em>τῆς</em></span> <span class='ocrx_word' id='word_1_198' title='bbox 768 2873 871 2958; x_wconf 82' lang='grc' dir='ltr'><em>τύχης</em></span> <span class='ocrx_word' id='word_1_199' title='bbox 889 2873 1059 2957; x_wconf 79' lang='grc' dir='ltr'><em>ὠδύροντο</em></span> <span class='ocrx_word' id='word_1_200' title='bbox 1075 2871 1123 2948; x_wconf 77' lang='grc' dir='ltr'><em>ὡς</em></span> 
     </span>
     <span class='ocr_line' id='line_1_26' title="bbox 108 2977 1164 3064; baseline -0.008 -18"><span class='ocrx_word' id='word_1_201' title='bbox 108 2981 148 3046; x_wconf 84' lang='grc' dir='ltr'><em>οὐ</em></span> <span class='ocrx_word' id='word_1_202' title='bbox 172 2981 277 3056; x_wconf 82' lang='grc' dir='ltr'><em>καλὰς</em></span> <span class='ocrx_word' id='word_1_203' title='bbox 301 2981 459 3063; x_wconf 90' lang='grc' dir='ltr'><em>είληφότα</em></span> <span class='ocrx_word' id='word_1_204' title='bbox 481 2979 570 3063; x_wconf 80' lang='grc' dir='ltr'><em>παρὰ</em></span> <span class='ocrx_word' id='word_1_205' title='bbox 593 2989 688 3063; x_wconf 81' lang='grc' dir='ltr'><em>σφῶν</em></span> <span class='ocrx_word' id='word_1_206' title='bbox 711 2977 866 3064; x_wconf 76' lang='grc' dir='ltr'><em>ἀμοιβάς,</em></span> <span class='ocrx_word' id='word_1_207' title='bbox 897 2977 1124 3062; x_wconf 83' lang='grc' dir='ltr'><em>ἐπιλεγόμενοι</em></span> <span class='ocrx_word' id='word_1_208' title='bbox 1139 2995 1164 3036; x_wconf 79' lang='grc'><strong>16</strong></span> 
     </span>
     <span class='ocr_line' id='line_1_27' title="bbox 108 3083 1124 3172; baseline -0.003 -20"><span class='ocrx_word' id='word_1_209' title='bbox 108 3088 217 3154; x_wconf 84' lang='grc' dir='ltr'><em>πάντα</em></span> <span class='ocrx_word' id='word_1_210' title='bbox 237 3087 298 3152; x_wconf 83' lang='grc' dir='ltr'><em>ὅσα</em></span> <span class='ocrx_word' id='word_1_211' title='bbox 317 3087 354 3151; x_wconf 90' lang='grc' dir='ltr'><em>τὸ</em></span> <span class='ocrx_word' id='word_1_212' title='bbox 373 3087 489 3152; x_wconf 91' lang='grc' dir='ltr'><em>κοινὸν</em></span> <span class='ocrx_word' id='word_1_213' title='bbox 509 3083 670 3171; x_wconf 83' lang='grc' dir='ltr'><em>ὠφέλησε,</em></span> <span class='ocrx_word' id='word_1_214' title='bbox 692 3083 844 3163; x_wconf 79' lang='grc' dir='ltr'><em>καὶτοὺς</em></span> <span class='ocrx_word' id='word_1_215' title='bbox 863 3085 1048 3172; x_wconf 80' lang='grc' dir='ltr'><em>δράσαντας</em></span> <span class='ocrx_word' id='word_1_216' title='bbox 1065 3086 1124 3150; x_wconf 86' lang='grc' dir='ltr'><em>τὸν</em></span> 
     </span>
    </p>
   </div>
   <div class='ocr_carea' id='block_1_5' title="bbox 108 3310 1125 3600">
    <p class='ocr_par' dir='ltr' id='par_1_7' title="bbox 108 3310 1125 3598">
     <span class='ocr_line' id='line_1_28' title="bbox 180 3310 1125 3404; baseline -0.005 -34"><span class='ocrx_word' id='word_1_217' title='bbox 180 3323 196 3370; x_wconf 82' lang='lat'><strong>3</strong></span> <span class='ocrx_word' id='word_1_218' title='bbox 216 3310 472 3387; x_wconf 87' lang='grc' dir='ltr'><em>ἀντιμ&lt;αχ&gt;ησεων</em></span> <span class='ocrx_word' id='word_1_219' title='bbox 486 3312 509 3365; x_wconf 95' lang='grc' dir='ltr'>Β</span> <span class='ocrx_word' id='word_1_220' title='bbox 528 3314 592 3367; x_wconf 87' lang='grc' dir='ltr'><em>ἀντι</em></span> <span class='ocrx_word' id='word_1_221' title='bbox 583 3311 812 3404; x_wconf 76' lang='grc' dir='ltr'><em>ιμαχήσεωνΒ</em></span> <span class='ocrx_word' id='word_1_222' title='bbox 799 3324 921 3382; x_wconf 82' lang='grc' dir='ltr'><em>αψιμαχι</em></span> <span class='ocrx_word' id='word_1_223' title='bbox 912 3321 962 3366; x_wconf 84' lang='grc' dir='ltr'><em>ιῶν</em></span> <span class='ocrx_word' id='word_1_224' title='bbox 981 3311 1125 3382; x_wconf 79' lang='lat' dir='ltr'><strong>Kiessling</strong></span> 
     </span>
     <span class='ocr_line' id='line_1_29' title="bbox 109 3382 1125 3457; baseline -0.001 -18"><span class='ocrx_word' id='word_1_225' title='bbox 109 3401 146 3439; x_wconf 75' lang='lat' dir='ltr'><em>an</em></span> <span class='ocrx_word' id='word_1_226' title='bbox 164 3387 350 3456; x_wconf 76' lang='grc' dir='ltr'><em>ἀντιλογιῶνλ</em></span> <span class='ocrx_word' id='word_1_227' title='bbox 429 3383 570 3438; x_wconf 81' lang='grc' dir='ltr'><em>ὅκατάτ</em></span> <span class='ocrx_word' id='word_1_228' title='bbox 555 3385 606 3454; x_wconf 82' lang='grc' dir='ltr'><em>τὴν</em></span> <span class='ocrx_word' id='word_1_229' title='bbox 626 3382 711 3457; x_wconf 81' lang='grc' dir='ltr'><em>βουλὴ</em></span> <span class='ocrx_word' id='word_1_230' title='bbox 713 3401 771 3437; x_wconf 87' lang='grc' dir='ltr'><em>νο.</em></span> <span class='ocrx_word' id='word_1_231' title='bbox 791 3383 895 3438; x_wconf 78' lang='lat' dir='ltr'><strong>Reiske</strong></span> <span class='ocrx_word' id='word_1_232' title='bbox 974 3391 1006 3438; x_wconf 86' lang='grc'><strong>13</strong></span> <span class='ocrx_word' id='word_1_233' title='bbox 1025 3388 1125 3456; x_wconf 87' lang='grc' dir='ltr'><em>προελ-</em></span> 
     </span>
     <span class='ocr_line' id='line_1_30' title="bbox 108 3454 1122 3528; baseline -0.002 -18"><span class='ocrx_word' id='word_1_234' title='bbox 108 3457 171 3511; x_wconf 72' lang='grc' dir='ltr'><em>θὼν</em></span> <span class='ocrx_word' id='word_1_235' title='bbox 191 3457 213 3512; x_wconf 92' lang='lat'>0</span> <span class='ocrx_word' id='word_1_236' title='bbox 233 3475 290 3525; x_wconf 86' lang='grc' dir='ltr'><em>παρ</em></span> <span class='ocrx_word' id='word_1_237' title='bbox 293 3455 428 3511; x_wconf 74' lang='grc' dir='ltr'><em>ελθὼνο.</em></span> <span class='ocrx_word' id='word_1_238' title='bbox 448 3454 570 3524; x_wconf 83' lang='lat' dir='ltr'>Sylburg</span> <span class='ocrx_word' id='word_1_239' title='bbox 624 3461 657 3510; x_wconf 81' lang='lat'><em>16</em></span> <span class='ocrx_word' id='word_1_240' title='bbox 676 3474 734 3508; x_wconf 84' lang='grc' dir='ltr'><em>παο</em></span> <span class='ocrx_word' id='word_1_241' title='bbox 727 3455 833 3510; x_wconf 88' lang='grc' dir='ltr'><em>σεινΟ</em></span> <span class='ocrx_word' id='word_1_242' title='bbox 853 3455 956 3514; x_wconf 83' lang='grc' dir='ltr'><em>παύειν</em></span> <span class='ocrx_word' id='word_1_243' title='bbox 977 3455 1098 3525; x_wconf 82' lang='lat' dir='ltr'><strong>Sylburg</strong></span> <span class='ocrx_word' id='word_1_244' title='bbox 1119 3456 1122 3528; x_wconf 62' lang='grc' dir='ltr'><em>λ</em></span> 
     </span>
     <span class='ocr_line' id='line_1_31' title="bbox 108 3525 753 3600; baseline -0.005 -18"><span class='ocrx_word' id='word_1_245' title='bbox 108 3527 185 3600; x_wconf 86' lang='grc' dir='ltr'><em>πάοη</em></span> <span class='ocrx_word' id='word_1_246' title='bbox 204 3526 290 3581; x_wconf 86' lang='lat' dir='ltr'><em>AB</em></span> <span class='ocrx_word' id='word_1_247' title='bbox 276 3525 371 3598; x_wconf 84' lang='grc' dir='ltr'><em>απάοη</em></span> <span class='ocrx_word' id='word_1_248' title='bbox 390 3525 415 3579; x_wconf 83' lang='lat' dir='ltr'><strong>R</strong></span> <span class='ocrx_word' id='word_1_249' title='bbox 487 3531 520 3580; x_wconf 76' lang='lat'>24</span> <span class='ocrx_word' id='word_1_250' title='bbox 540 3525 628 3596; x_wconf 79' lang='grc' dir='ltr'><em>χαμαί</em></span> <span class='ocrx_word' id='word_1_251' title='bbox 646 3526 710 3581; x_wconf 76' lang='lat' dir='ltr'><strong>add.</strong></span> <span class='ocrx_word' id='word_1_252' title='bbox 729 3526 753 3579; x_wconf 94' lang='grc' dir='ltr'><strong>Β</strong></span> 
     </span>
    </p>
   </div>
   <div class='ocr_carea' id='block_1_6' title="bbox 0 0 1298 3972">
    <p class='ocr_par' dir='ltr' id='par_1_8' title="bbox 0 0 1298 3972">
     <span class='ocr_line' id='line_1_32' title="bbox 0 0 1298 3972; baseline 0 0"><span class='ocrx_word' id='word_1_253' title='bbox 0 0 1298 3972; x_wconf 95' lang='lat' dir='ltr'><em> </em></span> 
     </span>
    </p>
   </div>
  </div>
 </body>
</html>
