2660 3976
557 290 725 340 -Η-
1085 290 1149 353 165

134 448 176 514 άν
207 447 327 535 ἀφάκη,
358 459 534 514 κοινωνεῖν
563 448 716 532 ἐθελήσει
745 466 798 515 σοι
825 459 893 514 τῶν
920 449 1067 534 εὐσεβῶν
1094 449 1149 516 καὶ

134 556 274 622 δικαίων
297 554 429 639 οὐθείς,
451 553 564 632 αὐτοῖς
585 552 613 620 τ’
636 555 697 621 οὐκ
719 557 778 641 έση
801 559 918 640 τίμιος,
941 547 992 632 οἷς
1014 557 1150 623 εύνοιαν

133 660 386 746 ἐνδεικνύμενος
416 671 519 727 ταῦτα
552 663 649 749 δρᾷς,
681 660 765 727 ἀλλὰ
793 662 1051 748 καρπωσάμενοί
1074 684 1150 727 τινα

132 767 269 844 ἕκαστος
304 769 433 833 τούτων
464 766 501 832 ἐκ
535 777 604 833 τῶν
637 779 706 833 σῶν
738 767 954 852 ἀσεβημάτων
986 766 1150 852 ὠφέλειαν

132 876 312 958 μισήσουσι
334 874 396 957 τήν
419 872 605 943 αὐθάδειαν
626 882 687 938 τοῦ
709 877 843 960 τρόπον.
880 873 923 940 ἐῶ
946 876 1009 960 γάρ
1029 860 1190 974 λέγειν,46

107 997 114 1012 ’
133 980 183 1045 δτι
205 977 308 1067 χωρὶς
326 989 387 1047 τοῦ
406 983 535 1065 μίσους,
559 971 576 1046 ὃ
595 981 684 1065 παρδ
703 991 770 1046 τῶν
789 980 1039 1047 ἐπιεικεστάτων
1057 979 1150 1065 ἕξεις,

132 1083 187 1152 καὶ
210 1089 342 1172 φθόνος
364 1084 585 1169 ἀπαντήσεται
607 1088 712 1164 πολὺς
730 1085 852 1152 ἐκτῶν
871 1093 955 1153 ι’σων
972 1084 1027 1153 καὶ
1046 1089 1152 1173 φόβος

133 1191 169 1258 ἐκ
200 1203 269 1258 τῶν
300 1192 455 1276 ήσσόνων
486 1189 542 1257 καὶ
574 1189 618 1257 δι’
646 1193 745 1277 ἄμφω
772 1191 864 1258 ταῦτ’
895 1192 1068 1277 ἐπιβουλαὶ
1095 1190 1151 1258 καὶ
1230 1257 1234 1264 .

133 1300 216 1364 ἄλλα
245 1299 353 1365 πολλὰ
381 1295 437 1363 καὶ
465 1299 607 1385 χαλεπά,
638 1299 701 1364 ὅσα
729 1299 817 1375 εἰκὸς
844 1309 1023 1383 συμπεσεῖν
1050 1296 1150 1382 ἀνδρὶ

26 1431 28 1438 ·
134 1403 244 1493 ἐρήμφ
268 1409 377 1489 φίλων
399 1403 455 1470 καλ
477 1402 515 1470 ἐν
537 1403 614 1491 ξένη
637 1407 710 1471 όντι
732 1395 784 1490 γή.
829 1405 887 1482 τὰς’
908 1406 972 1488 γάρ
995 1405 1037 1489 δή
1060 1405 1149 1488 παρὰ
1164 1430 1191 1470 ιο

26 1557 27 1562 1
133 1517 224 1577 θεῶν
246 1531 283 1576 τε
303 1508 360 1575 καὶ
382 1512 553 1595 δαιμόνων
576 1507 840 1595 ἐπιπεμπομένας
861 1521 932 1588 τοῖς
954 1510 1073 1576 άνόσια
1096 1508 1151 1575 κοιλ

26 1657 27 1682 1
135 1617 228 1683 δεινά
257 1615 534 1703 διαπραξαμένοις
561 1615 696 1703 ἐρινύας
718 1615 777 1701 ἐῶ,
800 1615 857 1703 ὑφ’
881 1613 929 1683 ὧν
952 1619 1152 1702 αἰκιζόμενοι

26 1711 27 1720 ¹
133 1723 241 1809 ήυχάς
270 1739 305 1790 τε
334 1721 390 1790 καὶ
420 1725 554 1808 σώματα
582 1726 706 1801 κακοὺς
735 1720 797 1808 μὲν
824 1725 1017 1791 διαντλοῦσι
1045 1726 1152 1808 βίους,

76 1831 269 1915 ιιοιοδκτρᾶς
291 1827 322 1895 δ’
343 1827 549 1914 ὑπομένουσι
571 1830 733 1907 τελευτάς.
769 1827 860 1896 ταῦτ’
884 1829 1109 1916 ἐνθυμηθείς,
1124 1823 1210 1906 δεῖ)δ

132 1936 277 2022 Μάρκιε,
296 1933 487 2020 μετάγνωθι
506 1933 561 2002 καὶ
580 1944 705 2001 παῦσαι
723 1947 934 2021 μνησικακῶν
952 1945 992 2022 τῇ
1011 1944 1152 2000 σεαυτοῦ
1166 1959 1192 2003 ιτ

132 2044 281 2129 πατρίδι·
308 2043 413 2128 τύχην
440 2064 473 2106 τε
501 2041 637 2106 πάντων
651 2044 773 2108 ἀἰτίαν
795 2043 1003 2127 ἡγησάμενος
1025 2034 1073 2106 ὧν
1095 2038 1152 2105 πέ-

27 2215 28 2218 ,
132 2156 263 2228 πονθας
295 2151 378 2234 πρὸς
407 2148 503 2232 ἡμῶν
534 2147 555 2232 ή
588 2147 751 2232 δέδρακας
782 2149 867 2234 ήμᾶς
893 2158 1019 2229 κακῶν,
1053 2145 1152 2212 ἄπιθι

132 2260 260 2342 χαίρων
282 2253 337 2321 ἐπὶ
356 2255 397 2320 τὰ
418 2256 534 2338 οἰκεῖα,
556 2251 612 2320 καλ
630 2257 765 2339 κόμισαι
783 2256 905 2339 μητρός
922 2269 957 2318 τε
975 2255 1153 2338 περιβολὰς

132 2359 401 2449 προσηνεστάτας
418 2357 473 2425 καὶ
491 2361 648 2443 γυναικὸς
667 2363 728 2442 [τε]
748 2361 1001 2446 φιλοφροσύνας
1017 2359 1153 2443 ἡδίστας

28 2549 29 2556 ρ
133 2466 187 2534 καὶ
209 2465 338 2534 τέκνων
361 2466 555 2551 ἀσπασμοὺς
577 2466 811 2550 γλυκυτάτους,
834 2463 889 2530 καὶ
912 2467 1053 2532 σεαυτὸν
1072 2465 1152 2532 άκό-
1165 2491 1193 2532 εο

134 2576 191 2652 δος
210 2574 375 2660 ὀφείλημα
393 2571 571 2639 κάλλιστον
585 2581 625 2658 τῇ
643 2570 821 2659 γειναμένη
836 2589 873 2638 σε
887 2569 942 2638 καλ
956 2579 1152 2656 τηλικοῦτον

135 2682 243 2768 ἄνδρα
265 2675 512 2766 παιδευσαμένη
534 2680 677 2764 πατρίδι.

201 2785 375 2853 XXVHII.
409 2789 553 2852 Τοιαῦτα
576 2783 806 2864 διεξελθόντος
822 2795 883 2852 τοῦ
901 2786 1082 2880 Μηνυκίου
1100 2807 1152 2867 μι-

135 2897 217 2980 κρὸν
240 2891 386 2979 ἐπισχὼν
409 2892 428 2960 ό·
449 2892 604 2978 Μάρκιος
626 2887 709 2957 εἷπε·
746 2886 812 2958 Σοὶ
834 2888 912 2978 μέν,
935 2885 961 2956 δι
984 2890 1151 2972 Μηνύκιε,

136 2998 191 3066 καὶ
216 3000 300 3085 ύμῖν
321 3009 391 3076 τοῖς
413 2997 481 3083 άμα
502 2999 608 3086 τούτῳ
630 3004 835 3084 πεμφθεῖσιν
859 2999 925 3066 ὑπὸ
948 3007 1005 3081 τῆς
1027 2999 1151 3080 βουλής
1166 3019 1192 3062 ιι

137 3110 233 3191 φίλος
272 3103 340 3190 εἰμὶ
377 3102 434 3171 καὶ
469 3107 663 3191 πρόθυμος,
703 3111 739 3170 εῖ
769 3129 801 3172 τι
838 3107 1003 3190 δύναμαι,
1042 3112 1152 3169 ποιεῖν

208 3337 225 3386 3
244 3330 464 3402 καρπωσάμενος
481 3347 504 3385 c.
524 3330 614 3386 Οολιοῖ
632 3330 698 3386 obs.
717 3348 744 3400 p.
761 3334 812 3386 160
885 3336 919 3385 14
937 3329 1110 3406 τελε<ο>τδις
1128 3330 1151 3384 Β

141 3409 173 3458 18
189 3401 240 3458 καλ
257 3402 372 3472 κόμισαι
391 3401 493 3458 adm
548 3407 582 3456 19
618 3401 735 3465 οναικός
752 3416 781 3456 τε
797 3400 820 3455 Ο
838 3421 868 3456 τε
887 3401 942 3458 del.
956 3402 1062 3458 Reiske
1117 3407 1150 3457 21

141 3471 327 3546 γεννησαμένη
345 3472 370 3526 Α
388 3469 582 3544 γεννησαμένη
613 3505 614 3509 =
644 3470 843 3545 γειναμένηυ.
863 3472 954 3528 Cobet
971 3473 1037 3528 obs.
1055 3491 1084 3543 p.
1100 3479 1152 3528 160

141 3541 385 3617 τετελειωμένη
404 3545 427 3598 Β
500 3550 534 3600 25
553 3545 619 3614 ύμῖν
637 3549 696 3608 τοῖς
714 3544 807 3608 ἄλλοις
826 3544 848 3599 O
867 3547 981 3615 praeter
998 3545 1022 3600 B
1071 3577 1073 3582 ,
