<?xml version="1.0" encoding="UTF-8"?>
<!DOCTYPE html PUBLIC "-//W3C//DTD XHTML 1.0 Transitional//EN"
    "http://www.w3.org/TR/xhtml1/DTD/xhtml1-transitional.dtd">
<html xmlns="http://www.w3.org/1999/xhtml" xml:lang="en" lang="en">
 <head>
  <title>
</title>
<meta http-equiv="Content-Type" content="text/html;charset=utf-8" />
  <meta name='ocr-system' content='tesseract 3.04.00' />
  <meta name='ocr-capabilities' content='ocr_page ocr_carea ocr_par ocr_line ocrx_word'/>
</head>
<body>
  <div class='ocr_page' id='page_1' title='image "./dionysihalicarn00unkngoog/dionysihalicarn00unkngoog_0425.png"; bbox 0 0 2656 3974; ppageno 0'>
   <div class='ocr_carea' id='block_1_1' title="bbox 434 238 1180 304">
    <p class='ocr_par' dir='ltr' id='par_1_1' title="bbox 434 238 1180 304">
     <span class='ocr_line' id='line_1_1' title="bbox 434 238 1180 304; baseline -0.001 1"><span class='ocrx_word' id='word_1_1' title='bbox 434 239 483 294; x_wconf 68' lang='lat'><em>⁶-</em></span> <span class='ocrx_word' id='word_1_2' title='bbox 589 238 756 290; x_wconf 83' lang='grc' dir='ltr'><em>-Θ-</em></span> <span class='ocrx_word' id='word_1_3' title='bbox 1114 239 1180 304; x_wconf 87' lang='grc'><em>395</em></span> 
     </span>
    </p>
   </div>
   <div class='ocr_carea' id='block_1_2' title="bbox 91 394 1219 3033">
    <p class='ocr_par' dir='ltr' id='par_1_2' title="bbox 91 394 1219 3033">
     <span class='ocr_line' id='line_1_2' title="bbox 163 394 1215 486; baseline 0.001 -23"><span class='ocrx_word' id='word_1_4' title='bbox 163 394 460 482; x_wconf 75' lang='grc' dir='ltr'><em>συναγωνιουμένη</em></span> <span class='ocrx_word' id='word_1_5' title='bbox 485 397 627 483; x_wconf 89' lang='grc' dir='ltr'><em>δύναμις</em></span> <span class='ocrx_word' id='word_1_6' title='bbox 650 397 763 477; x_wconf 77' lang='grc' dir='ltr'><em>αὐτοῖς</em></span> <span class='ocrx_word' id='word_1_7' title='bbox 784 407 946 486; x_wconf 79' lang='grc' dir='ltr'><em>σνναχθή.</em></span> <span class='ocrx_word' id='word_1_8' title='bbox 982 409 1085 466; x_wconf 93' lang='grc' dir='ltr'><em>ταῦτα</em></span> <span class='ocrx_word' id='word_1_9' title='bbox 1102 398 1215 466; x_wconf 87' lang='grc' dir='ltr'><em>Ῥω-6</em></span> 
     </span>
     <span class='ocr_line' id='line_1_3' title="bbox 164 501 1179 592; baseline 0.005 -24"><span class='ocrx_word' id='word_1_10' title='bbox 164 505 271 588; x_wconf 85' lang='grc' dir='ltr'><em>μαίων</em></span> <span class='ocrx_word' id='word_1_11' title='bbox 303 501 577 589; x_wconf 78' lang='grc' dir='ltr'><em>ἀποκριναμένων</em></span> <span class='ocrx_word' id='word_1_12' title='bbox 605 509 745 571; x_wconf 71' lang='grc' dir='ltr'><em>Λατῖνοι</em></span> <span class='ocrx_word' id='word_1_13' title='bbox 779 501 842 590; x_wconf 70' lang='grc' dir='ltr'><em>μὲν</em></span> <span class='ocrx_word' id='word_1_14' title='bbox 869 507 931 571; x_wconf 87' lang='grc' dir='ltr'><em>ὅσα</em></span> <span class='ocrx_word' id='word_1_15' title='bbox 957 507 1179 592; x_wconf 76' lang='grc' dir='ltr'><em>ἠδυνήθησαν</em></span> 
     </span>
     <span class='ocr_line' id='line_1_4' title="bbox 164 608 1179 698; baseline 0.005 -24"><span class='ocrx_word' id='word_1_16' title='bbox 164 609 201 676; x_wconf 77' lang='grc' dir='ltr'><em>ἐκ</em></span> <span class='ocrx_word' id='word_1_17' title='bbox 229 621 296 676; x_wconf 90' lang='grc' dir='ltr'><em>τῶν</em></span> <span class='ocrx_word' id='word_1_18' title='bbox 324 608 435 697; x_wconf 91' lang='grc' dir='ltr'><em>ἀγρῶν</em></span> <span class='ocrx_word' id='word_1_19' title='bbox 459 612 507 688; x_wconf 87' lang='grc' dir='ltr'><em>είς</em></span> <span class='ocrx_word' id='word_1_20' title='bbox 528 612 587 688; x_wconf 81' lang='grc' dir='ltr'><em>τὰς</em></span> <span class='ocrx_word' id='word_1_21' title='bbox 608 614 721 688; x_wconf 85' lang='grc' dir='ltr'><em>πόλεις</em></span> <span class='ocrx_word' id='word_1_22' title='bbox 744 610 1049 696; x_wconf 76' lang='grc' dir='ltr'><em>ἀνασκευασάμενοι</em></span> <span class='ocrx_word' id='word_1_23' title='bbox 1073 617 1179 698; x_wconf 88' lang='grc' dir='ltr'><em>φυλα-</em></span> 
     </span>
     <span class='ocr_line' id='line_1_5' title="bbox 162 716 1180 806; baseline 0.002 -24"><span class='ocrx_word' id='word_1_24' title='bbox 162 719 226 801; x_wconf 86' lang='grc' dir='ltr'><em>κήν</em></span> <span class='ocrx_word' id='word_1_25' title='bbox 258 716 432 784; x_wconf 80' lang='grc' dir='ltr'><em>ἐποιοῦντο</em></span> <span class='ocrx_word' id='word_1_26' title='bbox 465 729 532 784; x_wconf 90' lang='grc' dir='ltr'><em>τῶν</em></span> <span class='ocrx_word' id='word_1_27' title='bbox 563 729 699 804; x_wconf 83' lang='grc' dir='ltr'><em>τειχῶν,</em></span> <span class='ocrx_word' id='word_1_28' title='bbox 736 721 776 784; x_wconf 87' lang='grc' dir='ltr'><em>τδι</em></span> <span class='ocrx_word' id='word_1_29' title='bbox 794 716 839 784; x_wconf 63' lang='grc' dir='ltr'><em>,δ’</em></span> <span class='ocrx_word' id='word_1_30' title='bbox 874 721 957 785; x_wconf 83' lang='grc' dir='ltr'><em>ἀλλα</em></span> <span class='ocrx_word' id='word_1_31' title='bbox 987 721 1180 806; x_wconf 80' lang='grc' dir='ltr'><em>περιεώρων</em></span> 
     </span>
     <span class='ocr_line' id='line_1_6' title="bbox 162 821 1219 912; baseline 0.004 -24"><span class='ocrx_word' id='word_1_32' title='bbox 162 821 383 909; x_wconf 78' lang='grc' dir='ltr'><em>ἀπολλύμενα.</em></span> <span class='ocrx_word' id='word_1_33' title='bbox 428 822 581 912; x_wconf 84' lang='grc' dir='ltr'><em>Ἕρνικες</em></span> <span class='ocrx_word' id='word_1_34' title='bbox 618 821 655 890; x_wconf 77' lang='grc' dir='ltr'><em>δὲ</em></span> <span class='ocrx_word' id='word_1_35' title='bbox 692 827 1015 912; x_wconf 79' lang='grc' dir='ltr'><em>δυσανασχετοῦντες</em></span> <span class='ocrx_word' id='word_1_36' title='bbox 1051 823 1104 892; x_wconf 77' lang='grc' dir='ltr'><em>ἐπὶ</em></span> <span class='ocrx_word' id='word_1_37' title='bbox 1140 835 1178 911; x_wconf 75' lang='grc' dir='ltr'><em>τῇ</em></span> <span class='ocrx_word' id='word_1_38' title='bbox 1206 844 1219 884; x_wconf 76' lang='lat'><strong>⁶</strong></span> 
     </span>
     <span class='ocr_line' id='line_1_7' title="bbox 163 928 1180 1019; baseline 0.004 -25"><span class='ocrx_word' id='word_1_39' title='bbox 163 930 250 1016; x_wconf 88' lang='grc' dir='ltr'><em>λύμη</em></span> <span class='ocrx_word' id='word_1_40' title='bbox 273 928 329 995; x_wconf 83' lang='grc' dir='ltr'><em>καὶ</em></span> <span class='ocrx_word' id='word_1_41' title='bbox 352 931 517 1018; x_wconf 73' lang='grc' dir='ltr'><em>διαρπαγῇ</em></span> <span class='ocrx_word' id='word_1_42' title='bbox 541 942 608 997; x_wconf 91' lang='grc' dir='ltr'><em>τῶν</em></span> <span class='ocrx_word' id='word_1_43' title='bbox 630 930 760 1019; x_wconf 89' lang='grc' dir='ltr'><em>ἀγρῶν,</em></span> <span class='ocrx_word' id='word_1_44' title='bbox 785 931 1009 1017; x_wconf 77' lang='grc' dir='ltr'><em>ἀναλαβόντες</em></span> <span class='ocrx_word' id='word_1_45' title='bbox 1031 933 1071 997; x_wconf 88' lang='grc' dir='ltr'><em>τά</em></span> <span class='ocrx_word' id='word_1_46' title='bbox 1094 932 1180 998; x_wconf 83' lang='grc' dir='ltr'><em>ὅπλα</em></span> 
     </span>
     <span class='ocr_line' id='line_1_8' title="bbox 162 1033 1179 1125; baseline 0.001 -24"><span class='ocrx_word' id='word_1_47' title='bbox 162 1033 314 1118; x_wconf 78' lang='grc' dir='ltr'><em>ἐξῆλθον.</em></span> <span class='ocrx_word' id='word_1_48' title='bbox 360 1035 605 1122; x_wconf 78' lang='grc' dir='ltr'><em>ἀγωνισάμενοι</em></span> <span class='ocrx_word' id='word_1_49' title='bbox 630 1035 667 1104; x_wconf 69' lang='grc' dir='ltr'><em>δέ</em></span> <span class='ocrx_word' id='word_1_50' title='bbox 690 1044 848 1125; x_wconf 82' lang='grc' dir='ltr'><em>λαμπρῶς</em></span> <span class='ocrx_word' id='word_1_51' title='bbox 870 1035 926 1103; x_wconf 82' lang='grc' dir='ltr'><em>καὶ</em></span> <span class='ocrx_word' id='word_1_52' title='bbox 947 1040 1094 1115; x_wconf 87' lang='grc' dir='ltr'><em>πολλοὺς</em></span> <span class='ocrx_word' id='word_1_53' title='bbox 1117 1033 1179 1122; x_wconf 70' lang='grc' dir='ltr'><em>μὲν</em></span> 
     </span>
     <span class='ocr_line' id='line_1_9' title="bbox 162 1139 1179 1232; baseline 0.004 -26"><span class='ocrx_word' id='word_1_54' title='bbox 162 1139 384 1226; x_wconf 84' lang='grc' dir='ltr'><em>ἀποβαλόντες</em></span> <span class='ocrx_word' id='word_1_55' title='bbox 407 1154 474 1208; x_wconf 86' lang='grc' dir='ltr'><em>τῶν</em></span> <span class='ocrx_word' id='word_1_56' title='bbox 494 1141 674 1229; x_wconf 78' lang='grc' dir='ltr'><em>σφετέρων,</em></span> <span class='ocrx_word' id='word_1_57' title='bbox 697 1149 809 1232; x_wconf 77' lang='grc' dir='ltr'><em>πολλῷ</em></span> <span class='ocrx_word' id='word_1_58' title='bbox 829 1140 859 1208; x_wconf 90' lang='grc' dir='ltr'><em>δ’</em></span> <span class='ocrx_word' id='word_1_59' title='bbox 881 1146 929 1208; x_wconf 77' lang='grc' dir='ltr'><em>ἔτι</em></span> <span class='ocrx_word' id='word_1_60' title='bbox 947 1147 1081 1221; x_wconf 89' lang='grc' dir='ltr'><em>πλείους</em></span> <span class='ocrx_word' id='word_1_61' title='bbox 1099 1143 1179 1210; x_wconf 91' lang='grc' dir='ltr'><em>ἀπο-</em></span> 
     </span>
     <span class='ocr_line' id='line_1_10' title="bbox 162 1248 1177 1336; baseline 0.003 -23"><span class='ocrx_word' id='word_1_62' title='bbox 162 1251 348 1327; x_wconf 87' lang='grc' dir='ltr'><em>κτείναντες</em></span> <span class='ocrx_word' id='word_1_63' title='bbox 377 1259 444 1314; x_wconf 92' lang='grc' dir='ltr'><em>τῶν</em></span> <span class='ocrx_word' id='word_1_64' title='bbox 471 1253 657 1334; x_wconf 89' lang='grc' dir='ltr'><em>πολεμίων,</em></span> <span class='ocrx_word' id='word_1_65' title='bbox 689 1248 921 1334; x_wconf 80' lang='grc' dir='ltr'><em>ἐκβιασθέντες</em></span> <span class='ocrx_word' id='word_1_66' title='bbox 948 1251 995 1326; x_wconf 88' lang='grc' dir='ltr'><em>είς</em></span> <span class='ocrx_word' id='word_1_67' title='bbox 1021 1251 1062 1315; x_wconf 86' lang='grc' dir='ltr'><em>τά</em></span> <span class='ocrx_word' id='word_1_68' title='bbox 1089 1254 1177 1336; x_wconf 82' lang='grc' dir='ltr'><em>τείχη</em></span> 
     </span>
     <span class='ocr_line' id='line_1_11' title="bbox 161 1352 1218 1442; baseline 0.001 -22"><span class='ocrx_word' id='word_1_69' title='bbox 161 1352 365 1440; x_wconf 81' lang='grc' dir='ltr'><em>κατέφυγον,</em></span> <span class='ocrx_word' id='word_1_70' title='bbox 388 1353 443 1422; x_wconf 81' lang='grc' dir='ltr'><em>καλ</em></span> <span class='ocrx_word' id='word_1_71' title='bbox 467 1354 578 1423; x_wconf 83' lang='grc' dir='ltr'><em>οὐκέτι</em></span> <span class='ocrx_word' id='word_1_72' title='bbox 601 1356 706 1442; x_wconf 87' lang='grc' dir='ltr'><em>μάχης</em></span> <span class='ocrx_word' id='word_1_73' title='bbox 730 1355 917 1442; x_wconf 80' lang='grc' dir='ltr'><em>ἐπειρῶντο.</em></span> <span class='ocrx_word' id='word_1_74' title='bbox 1192 1376 1218 1416; x_wconf 84' lang='lat'><em>10</em></span> 
     </span>
     <span class='ocr_line' id='line_1_12' title="bbox 227 1458 1176 1548; baseline 0.001 -22"><span class='ocrx_word' id='word_1_75' title='bbox 227 1460 378 1527; x_wconf 84' lang='lat' dir='ltr'><strong>LXVIII.</strong></span> <span class='ocrx_word' id='word_1_76' title='bbox 420 1460 563 1528; x_wconf 84' lang='grc' dir='ltr'><em>Αίκανοὶ</em></span> <span class='ocrx_word' id='word_1_77' title='bbox 595 1458 633 1527; x_wconf 72' lang='grc' dir='ltr'><em>δέ</em></span> <span class='ocrx_word' id='word_1_78' title='bbox 664 1459 720 1528; x_wconf 85' lang='grc' dir='ltr'><em>καὶ</em></span> <span class='ocrx_word' id='word_1_79' title='bbox 751 1461 960 1529; x_wconf 85' lang='grc' dir='ltr'><em>Οὐολοῦσκοι</em></span> <span class='ocrx_word' id='word_1_80' title='bbox 992 1463 1176 1548; x_wconf 90' lang='grc' dir='ltr'><em>προνομεύ-</em></span> 
     </span>
     <span class='ocr_line' id='line_1_13' title="bbox 162 1565 1179 1654; baseline 0.001 -22"><span class='ocrx_word' id='word_1_81' title='bbox 162 1584 279 1645; x_wconf 90' lang='grc' dir='ltr'><em>σαντες</em></span> <span class='ocrx_word' id='word_1_82' title='bbox 305 1568 417 1635; x_wconf 89' lang='grc' dir='ltr'><em>αύτῶν</em></span> <span class='ocrx_word' id='word_1_83' title='bbox 444 1570 506 1653; x_wconf 84' lang='grc' dir='ltr'><em>τήν</em></span> <span class='ocrx_word' id='word_1_84' title='bbox 530 1570 643 1654; x_wconf 87' lang='grc' dir='ltr'><em>χώραν</em></span> <span class='ocrx_word' id='word_1_85' title='bbox 666 1567 772 1645; x_wconf 87' lang='grc' dir='ltr'><em>ἀδεῶς</em></span> <span class='ocrx_word' id='word_1_86' title='bbox 795 1565 848 1633; x_wconf 83' lang='grc' dir='ltr'><em>έπλ</em></span> <span class='ocrx_word' id='word_1_87' title='bbox 871 1571 949 1645; x_wconf 86' lang='grc' dir='ltr'><em>τοὺς</em></span> <span class='ocrx_word' id='word_1_88' title='bbox 975 1568 1179 1634; x_wconf 78' lang='grc' dir='ltr'><em>Τυσκλάνων</em></span> 
     </span>
     <span class='ocr_line' id='line_1_14' title="bbox 91 1671 1179 1760; baseline -0.002 -19"><span class='ocrx_word' id='word_1_89' title='bbox 91 1672 286 1760; x_wconf 81' lang='grc' dir='ltr'><em>1934ἀγροὺς</em></span> <span class='ocrx_word' id='word_1_90' title='bbox 308 1674 478 1760; x_wconf 89' lang='grc' dir='ltr'><em>ἀφίκοντο.</em></span> <span class='ocrx_word' id='word_1_91' title='bbox 518 1675 758 1760; x_wconf 79' lang='grc' dir='ltr'><em>διαρπάσαντες</em></span> <span class='ocrx_word' id='word_1_92' title='bbox 782 1671 819 1740; x_wconf 71' lang='grc' dir='ltr'><em>δὲ</em></span> <span class='ocrx_word' id='word_1_93' title='bbox 844 1673 899 1740; x_wconf 80' lang='grc' dir='ltr'><em>καί</em></span> <span class='ocrx_word' id='word_1_94' title='bbox 922 1676 1060 1752; x_wconf 85' lang='grc' dir='ltr'><em>τούτους</em></span> <span class='ocrx_word' id='word_1_95' title='bbox 1084 1673 1179 1740; x_wconf 90' lang='grc' dir='ltr'><em>οὐδε-</em></span> 
     </span>
     <span class='ocr_line' id='line_1_15' title="bbox 162 1778 1178 1870; baseline 0.002 -26"><span class='ocrx_word' id='word_1_96' title='bbox 162 1781 221 1856; x_wconf 90' lang='grc' dir='ltr'><em>νὸς</em></span> <span class='ocrx_word' id='word_1_97' title='bbox 257 1778 469 1865; x_wconf 85' lang='grc' dir='ltr'><em>ἀμυνομένου</em></span> <span class='ocrx_word' id='word_1_98' title='bbox 506 1788 660 1867; x_wconf 85' lang='grc' dir='ltr'><em>παρήσαν</em></span> <span class='ocrx_word' id='word_1_99' title='bbox 692 1782 739 1859; x_wconf 87' lang='grc' dir='ltr'><em>είς</em></span> <span class='ocrx_word' id='word_1_100' title='bbox 770 1784 849 1860; x_wconf 83' lang='grc' dir='ltr'><em>τοὺς</em></span> <span class='ocrx_word' id='word_1_101' title='bbox 881 1783 1037 1870; x_wconf 91' lang='grc' dir='ltr'><em>Γαβίνων</em></span> <span class='ocrx_word' id='word_1_102' title='bbox 1069 1780 1178 1866; x_wconf 85' lang='grc' dir='ltr'><em>ὅρους.</em></span> 
     </span>
     <span class='ocr_line' id='line_1_16' title="bbox 163 1883 1219 1972; baseline 0.002 -23"><span class='ocrx_word' id='word_1_103' title='bbox 163 1884 337 1964; x_wconf 79' lang='grc' dir='ltr'><em>ἐλάσαντες</em></span> <span class='ocrx_word' id='word_1_104' title='bbox 365 1883 402 1952; x_wconf 73' lang='grc' dir='ltr'><em>δὲ</em></span> <span class='ocrx_word' id='word_1_105' title='bbox 429 1885 485 1953; x_wconf 85' lang='grc' dir='ltr'><em>καὶ</em></span> <span class='ocrx_word' id='word_1_106' title='bbox 514 1887 570 1951; x_wconf 85' lang='grc' dir='ltr'><em>διά</em></span> <span class='ocrx_word' id='word_1_107' title='bbox 597 1887 718 1972; x_wconf 87' lang='grc' dir='ltr'><em>ταύτης</em></span> <span class='ocrx_word' id='word_1_108' title='bbox 745 1886 850 1965; x_wconf 89' lang='grc' dir='ltr'><em>ἀδεῶς</em></span> <span class='ocrx_word' id='word_1_109' title='bbox 877 1897 935 1970; x_wconf 81' lang='grc' dir='ltr'><em>τῆς</em></span> <span class='ocrx_word' id='word_1_110' title='bbox 957 1896 1017 1971; x_wconf 81' lang='grc' dir='ltr'><em>γῆς</em></span> <span class='ocrx_word' id='word_1_111' title='bbox 1039 1883 1093 1952; x_wconf 79' lang='grc' dir='ltr'><em>έπλ</em></span> <span class='ocrx_word' id='word_1_112' title='bbox 1116 1889 1178 1972; x_wconf 86' lang='grc' dir='ltr'><em>τήν</em></span> <span class='ocrx_word' id='word_1_113' title='bbox 1193 1902 1219 1943; x_wconf 86' lang='lat'><em>1⁵</em></span> 
     </span>
     <span class='ocr_line' id='line_1_17' title="bbox 156 1987 1212 2080; baseline 0.002 -24"><span class='ocrx_word' id='word_1_114' title='bbox 156 1988 284 2076; x_wconf 84' lang='grc' dir='ltr'><em>Ῥώμην</em></span> <span class='ocrx_word' id='word_1_115' title='bbox 307 1991 520 2078; x_wconf 83' lang='grc' dir='ltr'><em>ἀφικνοῦντο.</em></span> <span class='ocrx_word' id='word_1_116' title='bbox 562 1992 776 2080; x_wconf 79' lang='grc' dir='ltr'><em>ἐθορύβησαν</em></span> <span class='ocrx_word' id='word_1_117' title='bbox 800 1989 860 2078; x_wconf 72' lang='grc' dir='ltr'><em>μὲν</em></span> <span class='ocrx_word' id='word_1_118' title='bbox 884 1987 947 2058; x_wconf 81' lang='grc' dir='ltr'><em>οὖν</em></span> <span class='ocrx_word' id='word_1_119' title='bbox 972 1992 1092 2070; x_wconf 90' lang='grc' dir='ltr'><em>ίκανῶς</em></span> <span class='ocrx_word' id='word_1_120' title='bbox 1114 1994 1212 2077; x_wconf 78' lang='grc' dir='ltr'><em>τήν2</em></span> 
     </span>
     <span class='ocr_line' id='line_1_18' title="bbox 161 2098 1176 2186; baseline 0.002 -22"><span class='ocrx_word' id='word_1_121' title='bbox 161 2101 277 2183; x_wconf 91' lang='grc' dir='ltr'><em>πόλιν,</em></span> <span class='ocrx_word' id='word_1_122' title='bbox 305 2099 347 2166; x_wconf 89' lang='grc' dir='ltr'><em>οὐ</em></span> <span class='ocrx_word' id='word_1_123' title='bbox 373 2102 440 2185; x_wconf 84' lang='grc' dir='ltr'><em>μήν</em></span> <span class='ocrx_word' id='word_1_124' title='bbox 467 2103 630 2186; x_wconf 78' lang='grc' dir='ltr'><em>κρατῆσαί</em></span> <span class='ocrx_word' id='word_1_125' title='bbox 649 2098 680 2184; x_wconf 90' lang='grc' dir='ltr'><em>γ’</em></span> <span class='ocrx_word' id='word_1_126' title='bbox 707 2100 807 2184; x_wconf 76' lang='grc' dir='ltr'><em>αὐτῆς</em></span> <span class='ocrx_word' id='word_1_127' title='bbox 828 2100 1064 2184; x_wconf 91' lang='grc' dir='ltr'><em>ήδυνήθησαν·</em></span> <span class='ocrx_word' id='word_1_128' title='bbox 1093 2098 1176 2166; x_wconf 83' lang='grc' dir='ltr'><em>ἀλλά</em></span> 
     </span>
     <span class='ocr_line' id='line_1_19' title="bbox 162 2203 1178 2291; baseline 0.002 -21"><span class='ocrx_word' id='word_1_129' title='bbox 162 2207 279 2288; x_wconf 87' lang='grc' dir='ltr'><em>καίπερ</em></span> <span class='ocrx_word' id='word_1_130' title='bbox 303 2203 560 2284; x_wconf 83' lang='grc' dir='ltr'><em>ἐξασθενοῦντες</em></span> <span class='ocrx_word' id='word_1_131' title='bbox 583 2207 618 2273; x_wconf 91' lang='grc' dir='ltr'><em>οί</em></span> <span class='ocrx_word' id='word_1_132' title='bbox 632 2204 787 2291; x_wconf 82' lang='grc' dir='ltr'><em>Ῥωμαῖοι</em></span> <span class='ocrx_word' id='word_1_133' title='bbox 809 2206 849 2270; x_wconf 85' lang='grc' dir='ltr'><em>τδ</em></span> <span class='ocrx_word' id='word_1_134' title='bbox 873 2205 1007 2289; x_wconf 84' lang='grc' dir='ltr'><em>σώματα</em></span> <span class='ocrx_word' id='word_1_135' title='bbox 1025 2203 1178 2283; x_wconf 77' lang='grc' dir='ltr'><em>καὶτοὺς</em></span> 
     </span>
     <span class='ocr_line' id='line_1_20' title="bbox 163 2309 1177 2399; baseline 0.002 -23"><span class='ocrx_word' id='word_1_136' title='bbox 163 2310 309 2390; x_wconf 86' lang='grc' dir='ltr'><em>ύποίταυς</em></span> <span class='ocrx_word' id='word_1_137' title='bbox 336 2310 581 2391; x_wconf 88' lang='grc' dir='ltr'><em>ἀπολωλεκότες</em></span> <span class='ocrx_word' id='word_1_138' title='bbox 609 2311 817 2399; x_wconf 82' lang='grc' dir='ltr'><em>ἀμφοτέρους</em></span> <span class='ocrx_word' id='word_1_139' title='bbox 840 2347 882 2358; x_wconf 89' lang='grc'><strong>-</strong></span> <span class='ocrx_word' id='word_1_140' title='bbox 905 2309 961 2376; x_wconf 79' lang='grc' dir='ltr'><em>καὶ</em></span> <span class='ocrx_word' id='word_1_141' title='bbox 983 2313 1048 2398; x_wconf 78' lang='grc' dir='ltr'><em>γαρ</em></span> <span class='ocrx_word' id='word_1_142' title='bbox 1071 2314 1089 2379; x_wconf 85' lang='grc' dir='ltr'>ὁ</span> <span class='ocrx_word' id='word_1_143' title='bbox 1114 2313 1177 2378; x_wconf 84' lang='grc' dir='ltr'><em>Σε-</em></span> 
     </span>
     <span class='ocr_line' id='line_1_21' title="bbox 163 2416 1218 2504; baseline 0.001 -21"><span class='ocrx_word' id='word_1_144' title='bbox 163 2422 310 2501; x_wconf 92' lang='grc' dir='ltr'><em>ρουίλιος</em></span> <span class='ocrx_word' id='word_1_145' title='bbox 342 2416 512 2503; x_wconf 78' lang='grc' dir='ltr'><em>ἐτεθνήκει</em></span> <span class='ocrx_word' id='word_1_146' title='bbox 545 2423 668 2486; x_wconf 87' lang='grc' dir='ltr'><em>νεωστί</em></span> <span class='ocrx_word' id='word_1_147' title='bbox 696 2457 741 2466; x_wconf 94' lang='grc'>-</span> <span class='ocrx_word' id='word_1_148' title='bbox 772 2418 1057 2504; x_wconf 80' lang='grc' dir='ltr'><em>καθοπλισάμενοι</em></span> <span class='ocrx_word' id='word_1_149' title='bbox 1088 2419 1177 2504; x_wconf 89' lang='grc' dir='ltr'><em>παρά</em></span> <span class='ocrx_word' id='word_1_150' title='bbox 1192 2435 1218 2475; x_wconf 72' lang='lat'><em>2⁰</em></span> 
     </span>
     <span class='ocr_line' id='line_1_22' title="bbox 163 2522 1179 2612; baseline -0.001 -23"><span class='ocrx_word' id='word_1_151' title='bbox 163 2525 307 2609; x_wconf 88' lang='grc' dir='ltr'><em>δύναμιν</em></span> <span class='ocrx_word' id='word_1_152' title='bbox 334 2535 404 2602; x_wconf 77' lang='grc' dir='ltr'><em>τοῖς</em></span> <span class='ocrx_word' id='word_1_153' title='bbox 430 2529 572 2612; x_wconf 84' lang='grc' dir='ltr'><em>τείχεσιν</em></span> <span class='ocrx_word' id='word_1_154' title='bbox 599 2522 799 2609; x_wconf 78' lang='grc' dir='ltr'><em>ἐπέστησαν,</em></span> <span class='ocrx_word' id='word_1_155' title='bbox 825 2533 886 2591; x_wconf 91' lang='grc' dir='ltr'><em>τοῦ</em></span> <span class='ocrx_word' id='word_1_156' title='bbox 912 2527 1093 2610; x_wconf 87' lang='grc' dir='ltr'><em>περιβόλου</em></span> <span class='ocrx_word' id='word_1_157' title='bbox 1121 2533 1179 2608; x_wconf 80' lang='grc' dir='ltr'><em>τῆς</em></span> 
     </span>
     <span class='ocr_line' id='line_1_23' title="bbox 161 2626 1178 2718; baseline 0.001 -22"><span class='ocrx_word' id='word_1_158' title='bbox 161 2632 289 2706; x_wconf 91' lang='grc' dir='ltr'><em>πόλεως</em></span> <span class='ocrx_word' id='word_1_159' title='bbox 312 2631 408 2706; x_wconf 88' lang='grc' dir='ltr'><em>όντος</em></span> <span class='ocrx_word' id='word_1_160' title='bbox 431 2628 467 2695; x_wconf 88' lang='grc' dir='ltr'><em>έν</em></span> <span class='ocrx_word' id='word_1_161' title='bbox 490 2638 537 2717; x_wconf 71' lang='grc' dir='ltr'><em>τῷ</em></span> <span class='ocrx_word' id='word_1_162' title='bbox 559 2632 632 2695; x_wconf 92' lang='grc' dir='ltr'><em>τότε</em></span> <span class='ocrx_word' id='word_1_163' title='bbox 655 2633 782 2718; x_wconf 77' lang='grc' dir='ltr'><em>χρόνῳ,</em></span> <span class='ocrx_word' id='word_1_164' title='bbox 810 2629 887 2707; x_wconf 80' lang='grc' dir='ltr'><em>ὅσος</em></span> <span class='ocrx_word' id='word_1_165' title='bbox 906 2626 1095 2714; x_wconf 86' lang='grc' dir='ltr'><em>Ἀθηναίων</em></span> <span class='ocrx_word' id='word_1_166' title='bbox 1118 2640 1178 2698; x_wconf 88' lang='grc' dir='ltr'><em>τοῦ</em></span> 
     </span>
     <span class='ocr_line' id='line_1_24' title="bbox 162 2731 1178 2820; baseline 0.001 -19"><span class='ocrx_word' id='word_1_167' title='bbox 162 2737 278 2813; x_wconf 83' lang='grc' dir='ltr'><em>ἀστεος</em></span> <span class='ocrx_word' id='word_1_168' title='bbox 305 2736 324 2802; x_wconf 88' lang='grc' dir='ltr'><em>δ</em></span> <span class='ocrx_word' id='word_1_169' title='bbox 351 2736 485 2812; x_wconf 87' lang='grc' dir='ltr'><em>κύκλος·</em></span> <span class='ocrx_word' id='word_1_170' title='bbox 518 2733 573 2801; x_wconf 82' lang='grc' dir='ltr'><em>καί</em></span> <span class='ocrx_word' id='word_1_171' title='bbox 600 2737 641 2800; x_wconf 88' lang='grc' dir='ltr'><em>τά</em></span> <span class='ocrx_word' id='word_1_172' title='bbox 664 2731 725 2820; x_wconf 70' lang='grc' dir='ltr'><em>μὲν</em></span> <span class='ocrx_word' id='word_1_173' title='bbox 748 2733 802 2800; x_wconf 82' lang='grc' dir='ltr'><em>έπλ</em></span> <span class='ocrx_word' id='word_1_174' title='bbox 824 2738 944 2819; x_wconf 91' lang='grc' dir='ltr'><em>λόφοις</em></span> <span class='ocrx_word' id='word_1_175' title='bbox 965 2739 1100 2820; x_wconf 87' lang='grc' dir='ltr'><em>κείμενα</em></span> <span class='ocrx_word' id='word_1_176' title='bbox 1122 2734 1178 2802; x_wconf 84' lang='grc' dir='ltr'><em>καὶ</em></span> 
     </span>
     <span class='ocr_line' id='line_1_25' title="bbox 161 2836 1178 2928; baseline -0.002 -20"><span class='ocrx_word' id='word_1_177' title='bbox 161 2839 295 2928; x_wconf 82' lang='grc' dir='ltr'><em>πέτραις</em></span> <span class='ocrx_word' id='word_1_178' title='bbox 322 2841 500 2927; x_wconf 87' lang='grc' dir='ltr'><em>ἀποτόμοις</em></span> <span class='ocrx_word' id='word_1_179' title='bbox 526 2836 583 2908; x_wconf 85' lang='grc' dir='ltr'><em>ὑπ’</em></span> <span class='ocrx_word' id='word_1_180' title='bbox 610 2841 711 2926; x_wconf 77' lang='grc' dir='ltr'><em>αὐτῆς</em></span> <span class='ocrx_word' id='word_1_181' title='bbox 733 2840 865 2925; x_wconf 89' lang='grc' dir='ltr'><em>&lt;έστιν&gt;</em></span> <span class='ocrx_word' id='word_1_182' title='bbox 894 2839 1096 2928; x_wconf 87' lang='grc' dir='ltr'><em>ὠχυρωμένα</em></span> <span class='ocrx_word' id='word_1_183' title='bbox 1120 2850 1178 2926; x_wconf 83' lang='grc' dir='ltr'><em>τής</em></span> 
     </span>
     <span class='ocr_line' id='line_1_26' title="bbox 162 2945 1217 3033; baseline 0.001 -20"><span class='ocrx_word' id='word_1_184' title='bbox 162 2949 294 3033; x_wconf 89' lang='grc' dir='ltr'><em>φύσεως</em></span> <span class='ocrx_word' id='word_1_185' title='bbox 321 2947 376 3013; x_wconf 75' lang='grc' dir='ltr'><em>καὶ</em></span> <span class='ocrx_word' id='word_1_186' title='bbox 404 2949 517 3033; x_wconf 90' lang='grc' dir='ltr'><em>ὀλίγης</em></span> <span class='ocrx_word' id='word_1_187' title='bbox 545 2949 687 3032; x_wconf 88' lang='grc' dir='ltr'><em>δεόμενα</em></span> <span class='ocrx_word' id='word_1_188' title='bbox 709 2952 875 3033; x_wconf 76' lang='grc' dir='ltr'><em>φυλακῆς·</em></span> <span class='ocrx_word' id='word_1_189' title='bbox 907 2947 946 3012; x_wconf 88' lang='grc' dir='ltr'><em>τά</em></span> <span class='ocrx_word' id='word_1_190' title='bbox 971 2945 999 3012; x_wconf 89' lang='grc' dir='ltr'><em>δ’</em></span> <span class='ocrx_word' id='word_1_191' title='bbox 1028 2947 1093 3013; x_wconf 86' lang='grc' dir='ltr'><em>ὑπὸ</em></span> <span class='ocrx_word' id='word_1_192' title='bbox 1116 2957 1177 3014; x_wconf 90' lang='grc' dir='ltr'><em>τοῦ</em></span> <span class='ocrx_word' id='word_1_193' title='bbox 1191 2963 1217 3004; x_wconf 75' lang='lat'><em>²⁵</em></span> 
     </span>
    </p>
   </div>
   <div class='ocr_carea' id='block_1_3' title="bbox 161 3136 1178 3551">
    <p class='ocr_par' dir='ltr' id='par_1_3' title="bbox 161 3136 1178 3551">
     <span class='ocr_line' id='line_1_27' title="bbox 233 3136 1178 3211; baseline -0.001 -16"><span class='ocrx_word' id='word_1_194' title='bbox 233 3147 249 3195; x_wconf 88' lang='lat'>8</span> <span class='ocrx_word' id='word_1_195' title='bbox 272 3141 391 3203; x_wconf 77' lang='grc' dir='ltr'><em>πολλοὺς</em></span> <span class='ocrx_word' id='word_1_196' title='bbox 414 3139 465 3211; x_wconf 69' lang='grc' dir='ltr'><em>μὲν</em></span> <span class='ocrx_word' id='word_1_197' title='bbox 488 3141 705 3203; x_wconf 83' lang='grc' dir='ltr'><em>ἀποκτείναντες</em></span> <span class='ocrx_word' id='word_1_198' title='bbox 725 3148 781 3195; x_wconf 88' lang='grc' dir='ltr'><em>τῶν</em></span> <span class='ocrx_word' id='word_1_199' title='bbox 799 3140 953 3209; x_wconf 88' lang='grc' dir='ltr'><em>πολεμίων,</em></span> <span class='ocrx_word' id='word_1_200' title='bbox 976 3142 1068 3211; x_wconf 77' lang='grc' dir='ltr'><em>πολλῷ</em></span> <span class='ocrx_word' id='word_1_201' title='bbox 1087 3136 1115 3193; x_wconf 88' lang='grc' dir='ltr'><em>δ’</em></span> <span class='ocrx_word' id='word_1_202' title='bbox 1138 3136 1178 3194; x_wconf 76' lang='grc' dir='ltr'><em>ἔτι</em></span> 
     </span>
     <span class='ocr_line' id='line_1_28' title="bbox 161 3209 1177 3285; baseline -0.001 -21"><span class='ocrx_word' id='word_1_203' title='bbox 161 3212 274 3274; x_wconf 86' lang='grc' dir='ltr'><em>πλείους</em></span> <span class='ocrx_word' id='word_1_204' title='bbox 301 3211 493 3285; x_wconf 82' lang='grc' dir='ltr'><em>ἀποβαλόντες</em></span> <span class='ocrx_word' id='word_1_205' title='bbox 518 3220 574 3266; x_wconf 87' lang='grc' dir='ltr'><em>τῶν</em></span> <span class='ocrx_word' id='word_1_206' title='bbox 603 3209 746 3281; x_wconf 86' lang='grc' dir='ltr'><em>σφετέρων</em></span> <span class='ocrx_word' id='word_1_207' title='bbox 774 3228 797 3264; x_wconf 90' lang='grc' dir='ltr'><em>ο.</em></span> <span class='ocrx_word' id='word_1_208' title='bbox 820 3209 963 3280; x_wconf 78' lang='lat' dir='ltr'><strong>KIessling</strong></span> <span class='ocrx_word' id='word_1_209' title='bbox 990 3209 1042 3279; x_wconf 76' lang='grc' dir='ltr'><em>μὲν</em></span> <span class='ocrx_word' id='word_1_210' title='bbox 1066 3209 1130 3265; x_wconf 81' lang='lat' dir='ltr'><strong>add.</strong></span> <span class='ocrx_word' id='word_1_211' title='bbox 1155 3211 1177 3263; x_wconf 94' lang='grc' dir='ltr'><strong>Β</strong></span> 
     </span>
     <span class='ocr_line' id='line_1_29' title="bbox 162 3279 1177 3355; baseline 0.002 -20"><span class='ocrx_word' id='word_1_212' title='bbox 162 3286 195 3336; x_wconf 79' lang='lat'><em>12</em></span> <span class='ocrx_word' id='word_1_213' title='bbox 215 3283 306 3345; x_wconf 83' lang='grc' dir='ltr'><em>ἀδεῶς</em></span> <span class='ocrx_word' id='word_1_214' title='bbox 324 3300 378 3336; x_wconf 90' lang='lat' dir='ltr'><em>om.</em></span> <span class='ocrx_word' id='word_1_215' title='bbox 392 3283 419 3336; x_wconf 89' lang='lat' dir='ltr'>A</span> <span class='ocrx_word' id='word_1_216' title='bbox 482 3287 516 3336; x_wconf 86' lang='lat'><em>14</em></span> <span class='ocrx_word' id='word_1_217' title='bbox 534 3281 705 3355; x_wconf 89' lang='grc' dir='ltr'><em>ΣαβίνωνΟ</em></span> <span class='ocrx_word' id='word_1_218' title='bbox 726 3283 856 3355; x_wconf 88' lang='grc' dir='ltr'><em>Γαβίνων</em></span> <span class='ocrx_word' id='word_1_219' title='bbox 875 3279 1020 3348; x_wconf 77' lang='lat' dir='ltr'><strong>KIessling</strong></span> <span class='ocrx_word' id='word_1_220' title='bbox 1038 3280 1101 3336; x_wconf 85' lang='lat' dir='ltr'>coll.</span> <span class='ocrx_word' id='word_1_221' title='bbox 1117 3280 1177 3337; x_wconf 86' lang='lat' dir='ltr'><strong>Liv.</strong></span> 
     </span>
     <span class='ocr_line' id='line_1_30' title="bbox 161 3347 1177 3426; baseline -0.001 -20"><span class='ocrx_word' id='word_1_222' title='bbox 161 3353 237 3408; x_wconf 89' lang='grc'>1116</span> <span class='ocrx_word' id='word_1_223' title='bbox 311 3360 344 3409; x_wconf 84' lang='grc'>16</span> <span class='ocrx_word' id='word_1_224' title='bbox 364 3354 412 3408; x_wconf 75' lang='grc' dir='ltr'><em>καὶ</em></span> <span class='ocrx_word' id='word_1_225' title='bbox 432 3347 611 3426; x_wconf 75' lang='grc' dir='ltr'><em>ἐθορύβησαν</em></span> <span class='ocrx_word' id='word_1_226' title='bbox 630 3353 726 3423; x_wconf 75' lang='grc' dir='ltr'><em>μένΑ</em></span> <span class='ocrx_word' id='word_1_227' title='bbox 798 3359 832 3407; x_wconf 78' lang='grc'>17</span> <span class='ocrx_word' id='word_1_228' title='bbox 852 3349 1070 3426; x_wconf 85' lang='grc' dir='ltr'><em>κρατήσ&lt;αι&gt;Β</em></span> <span class='ocrx_word' id='word_1_229' title='bbox 1144 3357 1177 3406; x_wconf 86' lang='grc'>18</span> 
     </span>
     <span class='ocr_line' id='line_1_31' title="bbox 163 3419 1178 3490; baseline -0.002 -12"><span class='ocrx_word' id='word_1_230' title='bbox 163 3419 384 3490; x_wconf 73' lang='grc' dir='ltr'><em>ἐξασθενοῦντες</em></span> <span class='ocrx_word' id='word_1_231' title='bbox 402 3424 424 3477; x_wconf 91' lang='grc' dir='ltr'>Β</span> <span class='ocrx_word' id='word_1_232' title='bbox 444 3425 633 3487; x_wconf 88' lang='grc' dir='ltr'><em>ἀσθενοῦντες</em></span> <span class='ocrx_word' id='word_1_233' title='bbox 650 3425 676 3478; x_wconf 75' lang='lat' dir='ltr'><strong>R</strong></span> <span class='ocrx_word' id='word_1_234' title='bbox 740 3431 774 3480; x_wconf 76' lang='lat'><em>22</em></span> <span class='ocrx_word' id='word_1_235' title='bbox 793 3432 842 3478; x_wconf 88' lang='grc' dir='ltr'><em>τοῦ</em></span> <span class='ocrx_word' id='word_1_236' title='bbox 861 3439 915 3479; x_wconf 88' lang='lat' dir='ltr'><em>om.</em></span> <span class='ocrx_word' id='word_1_237' title='bbox 934 3422 960 3477; x_wconf 79' lang='lat' dir='ltr'>A</span> <span class='ocrx_word' id='word_1_238' title='bbox 1020 3426 1055 3475; x_wconf 80' lang='lat'><em>23</em></span> <span class='ocrx_word' id='word_1_239' title='bbox 1074 3421 1178 3484; x_wconf 83' lang='grc' dir='ltr'><em>ἀστεως</em></span> 
     </span>
     <span class='ocr_line' id='line_1_32' title="bbox 163 3491 625 3551; baseline 0.002 -2"><span class='ocrx_word' id='word_1_240' title='bbox 163 3495 211 3550; x_wconf 77' lang='lat' dir='ltr'><em>Ba</em></span> <span class='ocrx_word' id='word_1_241' title='bbox 283 3503 319 3551; x_wconf 77' lang='lat'><em>24</em></span> <span class='ocrx_word' id='word_1_242' title='bbox 342 3491 417 3551; x_wconf 74' lang='grc' dir='ltr'><em>ἔστιν</em></span> <span class='ocrx_word' id='word_1_243' title='bbox 437 3495 501 3550; x_wconf 82' lang='lat' dir='ltr'><strong>add.</strong></span> <span class='ocrx_word' id='word_1_244' title='bbox 522 3494 625 3550; x_wconf 78' lang='lat' dir='ltr'>Reiske</span> 
     </span>
    </p>
   </div>
   <div class='ocr_carea' id='block_1_4' title="bbox 0 0 1332 3974">
    <p class='ocr_par' dir='ltr' id='par_1_4' title="bbox 0 0 1332 3974">
     <span class='ocr_line' id='line_1_33' title="bbox 0 0 1332 3974; baseline 0 1"><span class='ocrx_word' id='word_1_245' title='bbox 0 0 1332 3974; x_wconf 95' lang='lat' dir='ltr'><em> </em></span> 
     </span>
    </p>
   </div>
  </div>
 </body>
</html>
