2656 3974
608 209 704 262 --Θ
742 239 776 248 -
1134 209 1199 275 387

184 365 284 434 οὐδὲν
307 363 398 453 ὑγιές
420 379 685 457 φρονοῦντες-
704 373 858 454 φυλακην
882 367 997 455 ἑτέραν
1019 368 1156 456 πέμψαι,
1178 371 1201 455 ἣ

183 475 297 559 ἔμελλε
321 472 365 540 δι’
389 473 570 560 ἀσφαλείας
588 473 753 560 ἓξειντὴν
771 480 885 542 πόλιυτ
909 473 963 541 ἐπὶ
982 473 1012 540 δ’
1031 478 1201 556 Αἰκανοὺς

183 581 277 663 άγειν
300 582 362 665 τὴν
386 582 543 669 στρατιάν
566 584 625 648 τὸν
649 581 763 671 ἕτερον
786 593 853 649 τών
876 582 1011 648 ὑπάτων
1032 584 1199 669 Σερούιον

184 687 349 773 Φούριον·
381 685 437 752 καλ
460 687 588 772 έγίυετο
611 699 724 775 ταχεῖα
746 688 873 774 ἀμφοῖν
896 689 916 772 η
941 687 1062 768 ἔξοδος.
1108 690 1145 754 ολ
1165 688 1235 755 δ’4

182 790 325 858 Αἰκανοὶ
356 796 522 877 μαθόντες
552 792 793 879 ἐξεληλυθυῖαν
820 797 881 880 την
903 793 1073 879 Ῥωμαίων
1102 812 1200 881 στρα-
1228 817 1243 858 5

182 899 267 982 τιάν,
287 898 488 977 ἀναστάντες
505 899 542 965 ἐκ
555 909 612 984 τῆς
620 897 782 986 Ἑρνίκων
797 889 947 987 ἐχώρουν
962 901 1075 979 αύτοῖς
1089 902 1199 986 ὁμόσε.
1249 987 1252 992 ¹

183 1003 253 1071 ἐπεὶ
281 1003 310 1069 δ’
339 1001 432 1072 εἶδον
460 1005 638 1092 ἀλλήλους,
669 1005 800 1092 ἐκείνην
828 1003 889 1092 μέυ
916 1009 978 1092 τὴν
1005 1005 1132 1093 ἡμέραν
1158 1007 1201 1072 ού

182 1114 268 1177 πολὺ
297 1111 488 1190 διαστάντες
516 1111 897 1198 κατεστρατοπέδευσαν,
923 1123 963 1199 τῇ
992 1111 1022 1179 δ’
1050 1111 1122 1199 ἑξῆς
1147 1113 1201 1180 ἐπὶ

179 1219 241 1283 τὸν
263 1218 390 1306 χάρακα
412 1230 479 1286 τών
496 1217 667 1305 Ῥωμαίων
690 1220 726 1286 ολ
745 1217 897 1304 πολέμιοι
920 1214 1002 1303 ἧκον
1026 1220 1200 1307 διάπειραν

16 1399 34 1417 f
182 1324 292 1389 αὐτῶν
315 1333 371 1410 τῆς
394 1327 528 1410 γνώμης
550 1327 742 1410 ληψόμενοι.
780 1325 824 1403 ὡς
848 1323 879 1391 δ’
905 1325 968 1391 οὐκ
990 1322 1128 1412 ἐξῄεσαν
1151 1310 1241 1424 ελςῇ

8 1435 11 1442 ’
114 1430 302 1516 ισειμάχην,
326 1429 580 1519 ἀκροβολισμοῖς
601 1432 804 1518 χρησάμενοι
829 1429 884 1497 καὶ
902 1429 1003 1498 οὐδὲν
1022 1431 1199 1516 ἀξιόλογον

21 1535 24 1546 ’
183 1536 363 1622 δράσαντες
390 1540 455 1604 σὺν
482 1537 614 1626 μεγάλφ
642 1535 804 1622 αὐχήματι
833 1537 996 1623 ἀπῆλθον.
1041 1537 1197 1624 ὁμέντοι

175 1640 344 1728 Ῥωμαίων
366 1643 491 1720 ύπατος
513 1642 656 1709 ἐκλιπὼν
679 1644 739 1708 τὸν
761 1643 890 1729 χάρακα
912 1653 951 1730 τῇ
975 1644 1127 1731 ἐπιούση·
1158 1647 1196 1710 τδ

180 1751 243 1836 γάρ
267 1752 391 1836 χωρίον
414 1751 455 1816 ού
478 1753 554 1816 λίαν
573 1746 719 1835 άσφαλές
736 1745 793 1834 ἦν·
817 1753 1198 1837 μετεστρατοπεδεύσατο

182 1854 219 1920 ἐν
241 1854 503 1946 ἐπιτηδειοτέρῳ,
526 1857 611 1922 ἔνθα
633 1856 762 1945 τάφρον
786 1855 814 1922 τ’
838 1857 986 1944 ὠρύξατο
1005 1855 1197 1942 βαθυτέραν
1212 1881 1238 1922 15

181 1959 237 2026 καὶ
267 1963 393 2051 χάρακα
425 1962 560 2048 ἐβάλετο
592 1962 809 2050 ὑψηλότερον.
860 1975 929 2041 τοῖς
961 1959 998 2029 δέ
1029 1965 1199 2047 πολεμίοις

181 2064 279 2132 ταῦθ’
308 2068 410 2155 δρῶσι
437 2073 523 2136 πολὺ
551 2070 680 2155 θράσος
701 2068 934 2155 προσεγένετο·
967 2067 1023 2135 καὶ
1045 2070 1093 2134 ἐτι
1116 2074 1198 2153 μᾶλ-

182 2178 259 2257 λον,
289 2171 401 2258 ἐπειδὴ
432 2176 602 2262 σύμμαχος
629 2175 743 2252 αὐτοῖς
772 2174 911 2260 ἀφίκετο
942 2176 1077 2262 στρατιά
1107 2175 1198 2263 παρά

181 2289 242 2347 τοῦ
272 2279 495 2346 Οὐολούσκων
524 2304 558 2347 τε
588 2279 643 2346 καὶ
666 2283 825 2346 Αἰκανῶν
853 2283 990 2366 ἔθνους,
1020 2277 1122 2348 οὐδὲν
1150 2283 1197 2347 έτι
1296 2363 1301 2368 ¹

182 2388 459 2472 διαμελλήσαντες
482 2385 604 2472 ἐπῆγον
627 2409 672 2452 τιι
690 2386 859 2472 Ῥωμαίων
882 2387 1009 2473 χάρακι.
1208 2410 1239 2451 ιο

247 2491 365 2560 LXIII.
398 2489 487 2558 ‘06’
514 2492 638 2570 ὕπατος
660 2491 927 2579 ἐνθυμούμενος,
949 2493 1001 2560 δτι
1024 2494 1085 2560 οὐκ
1108 2493 1197 2573 ἀξιό-

181 2623 284 2686 μαχος
315 2601 406 2664 ἔσται
437 2598 458 2683 ἡ
487 2603 551 2665 σὺν
578 2599 667 2687 αὐτῷ
693 2601 835 2685 δύναμις
861 2599 1086 2685 ἀγωνιζομένη
1114 2603 1197 2687 πρὸς

182 2706 351 2792 ἀμφότερα
374 2706 413 2771 τά
435 2709 532 2790 ἐθνη,
554 2703 673 2791 πέμπει
694 2707 787 2784 τινάς
806 2705 927 2773 ἐκτῶν
947 2704 1073 2772 ἱππέων
1092 2707 1197 2794 γράμ-

181 2836 266 2896 ματα
291 2814 337 2890 εἰς
359 2813 420 2896 τὴν
438 2809 565 2896 Ῥώμην
586 2814 791 2897 κομίζοντας,
815 2809 858 2878 δι’
882 2807 930 2900 ὧν
948 2812 1196 2900 ηξίουταχεῖαν

181 2917 293 2996 αὐτοῖς
316 2917 429 2984 ἐλθεῖν
453 2917 658 3006 ἐπικουρίαν,
677 2918 724 3000 ,ώς
742 2921 1007 3005 κινδυνευούσης
1025 2919 1104 3004 ὅλης
1122 2921 1193 2985 δια·
1209 2935 1235 2979 εσ

181 3031 354 3112 φθαρῆναι
376 3033 434 3110 τῆς
458 3027 521 3091 σύν
543 3023 632 3112 αύτῷ
653 3033 814 3112 στρατιάς.
852 3024 943 3092 ταῦτ’
965 3024 1230 3110 ἐπιλεξάμενος2

228 3258 270 3344 ”4
293 3252 431 3345 φρρύριον
448 3252 502 3307 AB
606 3261 622 3308 6
646 3250 755 3335 εἰςιτὴν
774 3249 952 3337 Ἑρνώιωνᾫ
975 3270 1044 3308 corr.
1064 3252 1196 3379 G}lenius

182 3327 411 3454 .⁷.5⁰⁹?.I‹3¹÷⁶5⁹ss“
430 3320 805 3466 ”“ἐέῖέΐλμὲλιῖλῗὶἶῖ“ἀῖι
818 3323 1016 3452 Κιθεὲὶέῖιιι
1034 3330 1080 3451 ἀι
1106 3327 1197 3450 θνοὲἓ

181 3461 381 3538 ἐπιδεξάμενος
398 3466 424 3519 Α

981 3557 1034 3612 25*
