2660 3976
526 233 754 282 -z--
1071 231 1114 296 95

96 383 132 452 δὲ
160 390 374 474 διχοστασίας
400 390 456 457 καὶ
483 389 637 476 πολέμων
660 389 848 475 ἐμφυλίων,
875 390 908 470 έξ
933 387 981 458 ών
1002 395 1114 470 πόλεις

96 494 304 584 αὐτάνδρους
327 496 510 585 ἀπέφαινεν
529 498 718 584 ἀνηρήσθαι
739 496 794 562 καί
812 499 896 582 έθνη
916 498 978 563 όλα
997 500 1114 564 διολω-

96 599 202 668 λέναι·
231 611 433 690 παρακαλῶν
456 602 493 670 δὲ
516 607 560 690 μή
582 606 623 671 τά
645 606 744 691 χείρω
768 605 936 689 αίρείσθαι
958 607 1024 689 πρὸ
1046 616 1113 670 τῶν

95 713 297 794 κρειττόνων
324 711 407 798 ὀργῇ
431 709 682 797 ἐπιτρέψαντας,
709 708 780 776 ἀλλ’
806 711 842 777 έκ
865 717 1027 797 λογισμοῦ
1051 713 1113 777 σώ-

95 841 221 903 φρονος
252 819 293 884 τὰ
325 817 488 903 μέλλοντα
518 818 617 904 ὁρᾶν,
648 814 732 902 μηδὲ
759 829 828 896 τοῖς
854 821 1020 895 κακίστοις
1046 829 1113 884 τῶν
1140 842 1154 884 ι

94 929 240 989 πολιτῶν
263 931 408 1011 χρῆσθαι
434 925 637 1009 συμβούλοις
659 923 734 1010 περὶ
757 935 824 990 τῶν
847 928 1011 1009 μεγίστων
1034 929 1112 1008 βου-

95 1028 307 1115 λευομένους,
325 1029 409 1096 ἀλλά
426 1041 496 1108 τοῖς
509 1033 696 1116 κρατίστοις
709 1033 827 1114 σφίσιν
841 1027 927 1097 εἶναι
942 1033 1113 1115 δοκοῦσιν,

93 1133 151 1220 ὑφ’
175 1131 224 1203 ών
247 1136 373 1224 ᾔδεσαν
397 1136 433 1203 έν
455 1138 572 1224 εἰρήνη
595 1160 629 1202 τε
652 1135 707 1202 καὶ
725 1138 806 1203 κατὰ
824 1135 989 1222 πολέμους
1005 1139 1113 1204 πολλά

95 1242 312 1329 ὠφελημένην
334 1245 395 1329 τήν
418 1244 577 1329 πατρίδα,
601 1235 651 1320 οἷς
673 1243 735 1309 ούκ
757 1243 799 1309 ἀν
823 1244 1045 1310 δικαιώσωσιν
1068 1245 1113 1322 ώς

94 1350 391 1435 μεταβεβλημένοις
413 1351 474 1434 τήν
497 1351 602 1434 φύσιν
623 1349 781 1416 ἀπιστεῖν.
817 1349 855 1414 ἓν
874 1345 911 1414 δέ
929 1335 1152 1450 κεφάλαιον13ο

93 1451 136 1540 ἦν
163 1455 320 1522 ἁπάντων
348 1467 415 1522 τών
438 1460 565 1541 λόγων,
593 1458 756 1541 μηδεμίαν
780 1455 902 1532 αὐτοὺς
924 1455 1111 1540 ἐπενεγκεῖν

35 1564 175 1628 ιεὸικατά
198 1573 258 1629 τοῦ
277 1567 435 1648 Μαρκίου
454 1573 581 1648 ψήφου,
604 1562 688 1628 ἀλλά
707 1562 846 1648 μάλιστα
865 1558 927 1647 μὲν
946 1557 990 1628 δι’
1008 1563 1112 1628 αὐτὸν

94 1655 231 1754 ἀφεῖναι
251 1678 310 1753 τῆς
333 1672 425 1754 δίκης
447 1672 507 1736 τὸν
530 1670 638 1756 ἀνδρα
656 1665 1019 1753 ἀναμιμνησκομένους,
1042 1659 1112 1746 οίος

94 1778 139 1853 είς
161 1777 203 1841 τά
227 1777 323 1842 κοινὰ
346 1774 476 1861 ἐγένετο
500 1774 555 1842 καί
579 1776 679 1852 ὅσους
701 1775 925 1861 κατώρθωσεν
947 1771 1030 1858 ὑπὲρ
1053 1785 1112 1860 τῆς

93 1892 208 1967 κοινῆς
231 1882 425 1967 ἐλευθερίας
445 1906 480 1948 τε
504 1880 559 1948 καὶ
582 1881 760 1968 ἡγεμονίας
780 1881 961 1968 πολέμους,
989 1880 1044 1947 καί
1067 1882 1111 1960 ὡς
1125 1905 1151 1946 ιι

93 1990 168 2054 οὔτε
187 1973 264 2054 ὅσια
280 1991 358 2055 ούτε
373 1991 484 2056 δίκαια
498 1990 574 2055 ούτε
588 1989 798 2074 προσήκοντα
812 1993 908 2076 σφίσι
921 1991 1111 2073 ποιήσουσι,

91 2099 203 2180 λόγων
234 2092 296 2181 μὲν
325 2096 414 2184 αὐτῷ
444 2106 724 2180 μνησικακοῦντες
752 2097 908 2181 φαύλων,
938 2098 1045 2179 ἔργων
1076 2092 1106 2159 δ’

92 2200 347 2288 ἀχαριστοῦντες
378 2207 498 2269 καλῶν.
549 2197 635 2267 εἶναι
668 2198 706 2267 δὲ
735 2200 878 2268 καὶτὸν
906 2202 1025 2287 καιρὸν
1053 2209 1146 2286 τής4

92 2307 241 2392 ἀφέσεως
268 2310 389 2392 καλόν,
416 2308 469 2374 ὅτε
496 2304 527 2392 γ’
555 2307 654 2385 αὐτὸς
680 2307 752 2391 ήκει
779 2305 932 2393 παρέχων
955 2310 993 2373 τὸ
1015 2318 1110 2392 σῶμα

91 2427 159 2493 τοις
178 2416 354 2500 διαφόροις
371 2413 427 2480 καὶ
445 2412 601 2500 στέρξων,
624 2413 643 2479 ὅ
662 2436 693 2479 τι
712 2413 754 2479 ἀν
773 2412 893 2479 ἐκείνοι
912 2412 987 2500 περὶ
1006 2414 1108 2480 αὐτοῦ
1122 2440 1149 2480 ω

91 2517 284 2606 διαγνῶσιν.
330 2522 361 2598 εί
387 2519 419 2586 δ’
446 2521 507 2606 οὐχ
536 2512 605 2586 οἷοί
629 2519 667 2585 τέ
692 2521 756 2585 είσι
780 2520 1005 2585 διαλύσασθαι
1027 2523 1110 2603 πρὸς

91 2627 232 2712 ἐκεῖνον,
256 2626 340 2693 ἀλλά
358 2633 506 2714 χαλεπῶς
524 2625 583 2692 καὶΙ
599 2626 826 2712 ἀπαραιτήτως
844 2629 990 2712 ἔχουσιν,
1007 2625 1109 2692 ένθυ-

91 2733 270 2818 μηθέντας,
293 2733 344 2799 ὅτι
362 2734 382 2818 ἡ
400 2736 507 2819 βουλή
526 2731 709 2818 δεησομένη
728 2730 804 2818 περὶ
823 2733 927 2799 αὐτοῦ
943 2733 1109 2817 πάρεισιν,

90 2841 211 2927 ἄνδρες
234 2841 272 2905 οί
290 2839 458 2927 κράτιστοι
481 2850 539 2926 τῆς
560 2843 688 2916 πόλεως
709 2841 908 2923 τριακόσιοι,
931 2845 1054 2904 παθεῖν
1077 2861 1109 2903 τι

90 2946 144 3012 καὶ
168 2946 413 3030 ἐπικλασθῆναι
435 2947 493 3024 τὰς
514 2946 659 3032 γνώμας,
682 2943 737 3010 καί
759 2946 804 3030 μή
824 2942 869 3010 δι’
891 2942 966 3021 ἑνὸς
984 2943 1109 3031 ἐχθροῦ
1123 2971 1149 3012 ιτ

91 3057 252 3141 τιμωρίαν
283 3053 454 3118 τοσούτων
487 3052 602 3136 δέησιν
634 3052 832 3118 ἀπώσασθαι
864 3055 989 3136 φίλων,
1026 3051 1109 3116 ἀλλά

161 3289 177 3336 θ
200 3287 330 3351 προορᾶν
354 3295 375 3333 ο.
395 3279 539 3350 Kiessling
562 3280 633 3350 ὁρᾶν
658 3279 712 3336 del.
731 3279 840 3372 Κοχεετ
857 3279 928 3334 Ann.
948 3277 1018 3348 phil.
1041 3284 1109 3372 18‘68

93 3351 667 3493 ἶ·δίλιιιῗιδὲλώίέιλῖίλΐδῗλί
684 3348 1109 3484 λλλλὛίίλλλίλὲλλῖ

94 3491 156 3550 Obs.
174 3512 202 3565 p.
218 3501 276 3560 149,
347 3499 379 3547 12
398 3492 438 3548 δι’
455 3493 542 3549 αύτδν
561 3494 607 3548 Ba
625 3491 666 3548 δι’
683 3494 776 3548 αύτῶν
794 3492 871 3547 ABb
945 3498 979 3546 14
998 3491 1065 3555 ύοας
1084 3497 1107 3546 Α
