2674 3978
180 271 223 335 νε
603 269 766 318 -ι-

181 430 247 520 εἶχε
265 435 344 508 τοὺς
361 432 564 516 πατρικίους,
582 431 704 494 πολλοί
718 450 753 492 τε
771 425 826 492 καὶ
844 423 980 512 χαλεποί
994 421 1064 490 κατ’
1083 425 1194 490 αὐτῶν

56 565 61 580 ·
180 540 332 625 ἐγίνοντο
360 540 454 620 λόγοι
481 547 548 602 τῶν
575 531 636 620 μὲν
668 534 849 619 ὀλιγωρίαν
882 531 1112 614 ἐγκαλούντων
1139 528 1195 597 καὶ

179 649 362 735 ῥᾳθυμίαν,
385 645 435 709 ὅτι
456 643 518 710 οὐκ
536 641 572 707 ἐκ
590 646 717 707 πολλοῦ
736 641 931 726 προείδοντο
951 639 1012 722 τήν
1031 637 1196 722 ἐσομένην

179 761 239 820 τού
268 755 362 818 σίτου
390 751 512 816 σπάνιν
539 746 594 813 καὶ
623 747 943 833 προύμηχανήσαντο
965 746 1007 810 τά
1029 748 1111 832 πρὸς
1133 746 1195 829 τήν

153 860 357 946 τσυμφοράν
381 856 576 940 ἀλεξήματα,
598 865 666 920 τῶν
689 852 721 919 δ’
748 852 780 932 ἐξ
805 852 982 937 ἐπιβουλῆς
1003 846 1059 916 ὑπ’
1084 852 1195 918 αὐτῶν
1267 874 1269 877 ·

179 961 354 1049 γεγονέναι
378 963 482 1047 (τήν)
503 962 669 1027 σιτοδείαν
688 959 945 1046 ἀποφαινόντων
969 955 1014 1024 δι’
1036 957 1141 1046 ὀργήν
1159 982 1194 1024 τε
1321 957 1322 964 '

179 1069 235 1136 καὶ
263 1069 446 1153 ἐπιθυμίαν
472 1077 533 1135 τού
559 1079 706 1133 κακῶσαι
732 1069 769 1132 τὸ
800 1068 979 1150 δημοτικὸν
1011 1065 1195 1150 ἀναμνήσει

145 1183 238 1262 4τής
261 1176 478 1252 ἀποστάσεως.
515 1176 572 1240 διά
594 1175 714 1250 ταύτας
736 1170 798 1258 μὲν
822 1174 863 1257 δή
887 1175 945 1250 τὰς
963 1173 1106 1256 αίτίαςή
1127 1183 1195 1238 τῶν

180 1284 375 1369 κληρούχων
396 1281 562 1366 ἀποστολή
581 1291 693 1367 ταχεῖα
712 1279 839 1364 ἐγίνετο
856 1289 960 1364 τριῶν
978 1277 1196 1365 ἀποδειχθέν-

141 1413 167 1452 10
180 1413 248 1456 των
275 1389 410 1472 ἀνδρῶν
439 1389 504 1454 ὑπὸ
527 1396 585 1472 τής
607 1391 731 1471 βουλής
753 1387 934 1471 ήγεμόνων.
970 1394 1016 1474 τῳ
1040 1387 1134 1474 δήμῳ
1158 1383 1197 1452 δὲ

177 1493 246 1562 κατ’
271 1495 373 1582 ἀρχάς
396 1491 458 1580 μὲν
480 1490 523 1579 ήν
543 1491 675 1582 ἀσμέυῳ
693 1496 772 1570 τοὺς
793 1494 1000 1579 κληρούχους
1019 1493 1196 1578 διαλαγχά-
1321 1561 1322 1584 χ

177 1626 251 1668 νειν
279 1603 324 1680 ὡς
352 1607 451 1686 λιμοῦ
473 1597 501 1665 τ’
530 1597 858 1688 ἀπαλλαχθησομένῳ
887 1597 942 1664 καὶ
969 1600 1080 1685 χώραν
1104 1601 1264 1683 οίκή-1343

179 1726 272 1776 σοντι
295 1708 491 1793 εὐδαίμονα·
520 1705 618 1772 ἔπειτ’
648 1705 888 1796 ἐνθυμουμένῳ
915 1708 974 1772 τὸν
998 1707 1128 1791 λοιμόν,
1158 1705 1196 1783 ὃς
1321 1707 1322 1734 ³

179 1814 216 1880 ἐν
238 1824 277 1901 πή
301 1815 467 1900 μελλούση
491 1813 592 1880 αὐτὸν
615 1813 838 1900 ὑποδέχεσθαι
861 1815 955 1877 πόλει
973 1815 1077 1889 πολύς
1099 1816 1196 1896 γευό-

139 1943 163 1983 ιι
178 1946 278 2007 μενος
299 1922 378 1999 τούς
400 1918 428 1985 τ’
455 1922 629 2006 οἰκήτορας
653 1920 849 2006 διεφθάρκει
871 1916 927 1984 καὶ
950 1917 1027 1996 δέος
1048 1931 1194 2006 παρεῖχε,

178 2031 222 2114 μή
254 2027 310 2094 καὶ
342 2030 421 2105 τούς
452 2025 605 2103 ἐποίκους
635 2026 756 2091 ταύτὸν
790 2025 981 2112 ἐργάσηται,
1012 2030 1194 2110 μεθίστατο

177 2137 259 2201 κατά
274 2137 407 2221 ’μικρὸν
434 2136 480 2212 είς
507 2133 665 2199 τάναντία
692 2133 712 2216 ή
742 2133 856 2216 γνώμη
863 2181 873 2216 ,
903 2128 978 2197 ὥστ’
1006 2132 1048 2197 ού
1075 2137 1197 2198 πολλοί

177 2264 265 2318 τινες
292 2241 463 2327 ἐφάνησαν
491 2241 528 2306 οί
552 2238 698 2326 μετέχειν
729 2241 929 2323 βουλόμενοι
950 2247 1008 2323 τής
1030 2239 1193 2325 ἀποικίας,

177 2347 261 2414 ἀλλά
283 2351 371 2414 πολὺ
393 2347 549 2425 ἐλάττους
572 2341 657 2430 ὧνή
681 2347 786 2430 βουλή
806 2345 1002 2430 ἐψηφίσατο,
1024 2341 1193 2412 καὶοῦτοι

137 2475 163 2514 εο
178 2451 209 2519 δ’
230 2456 294 2538 ήδη
319 2465 414 2538 σφῶν
433 2453 543 2518 αὐτῶν
561 2455 809 2536 κατεγνώκεσαν
828 2453 873 2530 ὡς
889 2463 996 2529 κακῶς
1014 2456 1192 2537 βεβουλευ-

142 2557 289 2644 5μένων
311 2556 367 2623 καί
385 2558 612 2623 ὑπανεδύοντο
631 2559 692 2642 τήν
711 2557 835 2636 ἐξοδόν.
864 2561 1059 2644 κατελήφθη
1079 2558 1193 2643 μέντοι

177 2674 274 2732 τοῦτο
298 2667 335 2730 τὸ
359 2662 457 2749 μέρος
478 2661 535 2728 καί
556 2665 593 2729 τὸ
617 2665 698 2728 ἀλλο
722 2666 760 2728 τὸ
783 2666 827 2748 μή
855 2661 1013 2742 ἑκουσίως
1036 2669 1193 2751 συναιρό-

177 2795 280 2856 μενον
302 2779 360 2855 τής
378 2769 496 2848 ἐξόδου
515 2767 747 2854 ψηφισαμένης
763 2778 821 2854 τής
839 2775 963 2856 βουλής
981 2769 1013 2849 ἐξ
1037 2770 1193 2839 ἁπάντων

248 3005 264 3052 2
284 2998 409 3089 ἐγίνοντο
428 2997 451 3050 Β
471 2992 600 3067 ἐγένοντο
618 2997 643 3050 Β
662 2992 790 3066 ἐλέγοντο
808 3015 831 3054 ο.
852 2999 974 3068 Sylbuxg
1055 3005 1072 3052 4
1091 2999 1106 3032 *
1123 3019 1194 3070 προ-

178 3068 433 3139 εμηχανησαντοΟ
513 3067 598 3137 6τήν
618 3068 682 3124 add.
702 3069 846 3138 Kiessling
922 3069 1102 3138 8ηειι1δ.Β
1175 3077 1192 3124 9

177 3135 287 3208 ἐγένετο
306 3157 329 3195 α.
349 3138 494 3208 Kiessling
608 3145 642 3192 10
662 3135 756 3194 ἐδόκει
772 3150 810 3194 τῶ
830 3139 908 3210 δήμω
927 3140 959 3196 δέ
979 3141 1121 3212 καταρχὰς
1140 3140 1192 3210 μὲν

176 3208 287 3280 ἀσμένω
305 3211 330 3264 Α
355 3219 392 3264 τῶ
411 3209 489 3279 δήμω
509 3209 540 3265 δὲ
560 3210 701 3282 καταρχάς
719 3211 769 3282 μὲν
788 3206 824 3282 ἦν
843 3211 954 3283 ἀσμένῳ
974 3214 995 3266 Β
1070 3221 1103 3266 14
1121 3213 1193 3267 ύπο-

176 3280 313 3352 δέχεσθαι
330 3284 411 3336 πόλει
428 3281 579 3352 γενόμενος
596 3281 682 3350 vulgo
700 3283 726 3338 ύ,
745 3284 832 3346 πολύς
850 3304 874 3352 γ.
889 3284 942 3337 ΑΒ
961 3285 987 3339 δ,
1006 3283 1087 3338 πόλει
1105 3284 1193 3346 πολύς

175 3373 201 3422 γ.
221 3369 243 3408 ο.
262 3351 407 3423 Kiessling
482 3361 513 3408 16
534 3349 666 3415 ἐποίκους
683 3354 760 3408 ΑΒει
778 3355 915 3416 ἀποίκους
934 3354 980 3408 Bb
998 3358 1002 3422 Ι
1018 3354 1063 3409 *τὸ
1083 3353 1190 3409 αύτδΟ

176 3430 209 3478 21
229 3422 396 3496 κατελήφθη
415 3425 438 3479 Β
457 3426 630 3494 κατελείφθη
650 3423 676 3477 R
738 3431 772 3479 22
787 3424 1044 3496 *συναράμενονΟ
1065 3446 1100 3496 αρ
1120 3442 1190 3480 corr.

177 3512 210 3550 ex
229 3517 277 3567 αιρ
295 3498 328 3552 ολ
345 3495 458 3552 videtur
475 3495 498 3549 Β
518 3499 722 3567 συναιρόμενον
741 3513 794 3566 ego
