2586 3972
161 235 227 302 260
586 237 683 287 -Η
720 265 754 276 -

162 400 360 482 ἠναντιοῦτο
383 401 466 484 πρὸς
488 399 546 475 τὰς
569 395 705 476 ἐξόδους
727 397 888 463 αὐτοῦτὸ
907 397 1095 482 δαιμόνιον,
1119 397 1182 462 αὐ-

162 509 219 584 τὸς
254 502 315 590 μὲν
352 504 525 591 ὑπέμειυε,
565 505 623 582 τὰς
660 500 699 570 δὲ
736 507 912 590 κρατίστας
947 502 1182 589 ἐπιλεξάμενος

127 615 299 694 8σπείρας
321 611 490 679 ἀπέστειλε
513 621 559 700 τῷ
584 612 792 696 συνάρχοντι.
839 612 877 676 αί
896 607 933 676 δὲ
961 613 1018 678 όιά
1038 609 1068 676 τ’
1090 610 1183 697 ὀρών

162 719 300 804 ἀφανῶς
322 717 377 786 καὶ
400 721 531 804 νύκτωρ
554 720 595 783 τὰ
622 719 729 784 πολλά
756 719 976 803 ποιησάμεναι
997 719 1057 795 τάς
1079 718 1183 795 ὁδοὺς

136 829 326 910 τείσηλθου
349 827 396 903 εἰς
418 828 478 891 τὸν
496 825 623 911 χάρακα
645 827 725 902 τοὺς
745 828 926 909 πολεμίους
948 830 1124 891 λαθοῦσαι.
1163 824 1182 890 ὁ

163 929 224 1018 μὲν
252 927 315 998 οὖν
344 934 499 1017 Αἰμίλιος
524 932 734 1017 θρασύτερος
763 930 911 1014 ἐγεγόνει
942 941 981 1018 τῇ
1013 933 1184 1018 παρουσίᾳ

163 1050 231 1104 τῶν
254 1039 450 1125 συμμάχων,
472 1038 508 1105 οἱ
528 1035 566 1105 δὲ
588 1037 741 1123 πολέμιοι
763 1047 810 1126 τῷ
832 1061 867 1104 τε
890 1041 1014 1122 πλήθει
1033 1047 1078 1126 τῷ
1101 1055 1259 1122 σφε-1721

163 1142 248 1235 τίρφ
275 1146 345 1230 είκη
370 1149 507 1212 πίσυνοι
536 1142 592 1212 καὶ
616 1146 672 1210 διά
694 1147 732 1210 τὸ
755 1146 800 1230 μὴ
824 1144 987 1224 ἐπεξιέναι
1010 1148 1088 1222 τοὺς
1105 1142 1185 1208 ‘Pap

166 1256 284 1336 μαίους
310 1254 359 1330 είς
386 1253 495 1339 μάχην
523 1249 723 1338 ἐπαρθέντες
751 1250 930 1336 ἀνέβαινον
958 1250 1013 1317 ἐπὶ
1041 1254 1079 1317 τὸ
1104 1253 1185 1336 όρος

126 1388 153 1428 ιο
166 1361 399 1437 πυκνώσαντες
427 1363 505 1436 τοὺς
532 1361 665 1444 λόχους·
697 1355 752 1424 καὶ
783 1359 819 1425 οί
838 1357 991 1443 Ῥωμαῖοι
1022 1356 1185 1443 παρέντες

163 1466 285 1543 αὐτοὺς
306 1465 473 1551 ἀναβῆναι
495 1461 572 1531 καθ’
595 1464 738 1550 ἡσυχίαν
758 1464 814 1531 καλ
836 1466 943 1531 πολλά
965 1475 1082 1530 πονεῖν
1105 1462 1185 1549 περὶ

162 1579 209 1660 τῷ
233 1573 441 1656 σταυρώματι
465 1571 636 1654 ἐάσαντες,
664 1569 777 1654 ἐπειδὴ
806 1571 847 1636 τὰ
870 1581 988 1655 σημεῖα
1009 1572 1100 1656 ἤρθη
1124 1579 1185 1654 τῆς

164 1677 269 1763 μάχης
291 1678 534 1756 διασπάσαντες
556 1679 639 1743 κατὰ
661 1678 768 1744 πολλὰ
791 1676 874 1763 μέρη
897 1679 957 1742 τόν
975 1677 1104 1763 χάρακα
1127 1676 1185 1762 ἐμ-

164 1786 342 1849 πίπτουσιν
370 1785 496 1862 αότοῐς·
524 1782 580 1851 καὶ
608 1785 644 1850 οἱ
629 1779 784 1869 ίμίὲν
752 1785 799 1860 εἰς
826 1793 937 1869 χεῖρας
964 1782 1186 1861 καταστάντες

125 1919 150 1960 15
164 1901 233 1968 τοίς
260 1889 391 1976 ξίφεσιν
420 1891 597 1977 ἐμάχοντο,
625 1892 661 1957 οί
686 1887 716 1956 δ’
743 1889 808 1956 ἀπὸ
836 1901 904 1956 τών
932 1888 1106 1974 ἐρυμάτων
1135 1894 1186 1956 λί-

163 2002 242 2074 θοις
264 2020 298 2062 τε
321 1995 377 2063 καὶ
401 2001 552 2074 σαυνίοις
573 1997 630 2064 καὶ
652 2000 787 2082 λόγχαις
809 1999 888 2074 τοὺς
910 1995 1064 2074 ἐπιόντας
1085 1999 1186 2080 ἔβαλ-

164 2108 241 2187 λον,
269 2101 366 2188 βόλος
394 2101 425 2169 δ’
453 2100 554 2169 οὐδὲν
580 2104 730 2169 άσκοπον
759 2099 803 2187 ἦν
825 2100 1059 2186 πεπιλημένων
1085 2097 1117 2184 γ’
1146 2101 1187 2169 ἐν
1291 2157 1292 2182 χ

130 2213 284 2294 9βραχεῑ
308 2212 420 2298 χώρίφ
448 2214 591 2275 πολλῶν.
642 2207 884 2294 ἀπαράττονται
917 2209 959 2290 δὴ
986 2218 1047 2274 τοῦ
1075 2210 1187 2293 λόφου

165 2319 310 2392 πολλοὺς
334 2327 429 2400 σφῶν
451 2314 676 2400 ἀποβαλόντες
694 2316 730 2381 οί
747 2315 956 2381 Οὐολοῦσκοι
978 2312 1034 2379 καὶ
1054 2318 1102 2392 εἰς
1119 2340 1188 2400 φυ-

125 2451 152 2492 20
165 2422 229 2504 γηυ
252 2421 456 2506 ὁρμήσαντες
478 2425 574 2507 μόγις
602 2423 651 2499 τίς
677 2424 737 2488 τὸν
765 2423 854 2488 ίόιον
876 2419 1103 2499 ἀποσώζονται
1127 2421 1188 2506 χά-
1290 2467 1291 2496 η

164 2550 258 2613 ρακα.
302 2526 456 2612 Ῥωμαῖοι
488 2525 518 2593 δ’
546 2528 592 2605 ώς
622 2526 659 2594 ἐν
689 2527 853 2616 ἀσφαλείᾳ
884 2526 965 2604 τέως
996 2529 1089 2604 ὄντες
1118 2529 1187 2612 ἤδη

164 2632 362 2718 κατέβαινον
381 2632 434 2699 ἐπὶ
452 2636 529 2710 τοὺς
547 2631 672 2721 ἀγροὺς
690 2633 816 2699 αὐτῶν·
836 2631 868 2711 ἐξ
889 2627 937 2698 ὧν
956 2633 1189 2718 ἐπισιτισμοὺς

164 2738 220 2805 καὶ
242 2734 357 2824 τᾶλλα,
380 2740 470 2805 ὅσων
493 2739 612 2817 σπάνις
633 2734 676 2824 ἦν
700 2739 737 2805 ἐν
760 2748 805 2828 τῷ
830 2739 963 2825 χάρακι,
985 2738 1188 2824 ἐλάμβανον.

232 2845 428 2912 LXXXVII.
461 2843 594 2929 Ἔλιειόη
613 2843 652 2913 δὲ
669 2853 816 2932 καθῆκεν
835 2847 940 2913 ὁτῶν
959 2845 1259 2932 ἀρχαιρεσιώυιτκυ
1289 2863 1290 2886 ²

237 3074 348 3129 Βόόῶν
371 3075 389 3128 ἀ
391 3083 473 3144 φῶαν
474 3095 491 3128 υ
519 3075 542 3129 Ο
571 3075 644 3144 όρῶν
671 3075 790 3144 ἀφανῶς
817 3092 840 3130 ο.
860 3074 985 3130 Sintenis
1013 3074 1075 3131 Em
1098 3074 1184 3131 Dion.

165 3147 253 3201 11118
280 3146 353 3216 ὀρῶν
371 3146 534 3215 ἀφανεῖςο.
553 3145 677 3201 Reudler
698 3147 789 3203 Τίτου.
809 3145 871 3204 crit.
888 3164 917 3216 p.
938 3153 954 3200 6
1045 3141 1186 3202 δίκεῖΟ

166 3217 271 3286 είκῆο.
290 3167 394 3272 λλοὶελτο
474 3223 506 3271 11
526 3218 621 3280 αὐτοῖς
641 3217 663 3271 Ο
682 3218 826 3280 αότουςο.
845 3217 969 3287 Sylburg
1050 3223 1083 3272 17
1103 3215 1188 3290 βόλος

165 3308 195 3343 τε
215 3287 237 3342 Ο
257 3305 326 3342 corr.
341 3287 445 3343 Reiske
473 3289 477 3361 Ι
502 3285 640 3414 πεπιλημέ
641 3309 698 3343 υτον
716 3307 746 3344 τε
766 3289 788 3344 0
807 3305 876 3344 οοιτ.
897 3288 1001 3343 Reiske
1074 3293 1107 3343 18
1129 3289 1188 3343 ἀπ-

166 3379 240 3440 αρρα
232 3358 337 3414 ’τονται
355 3359 403 3413 Bb
494 3357 577 3415 19οί
592 3359 657 3414 add.
677 3360 700 3412 Β
790 3367 824 3414 21
843 3359 903 3429 άσφ
905 3361 999 3415 αλείαι
1018 3359 1041 3414 Ο
1059 3359 1194 3429 ἀσφαλεῖ

167 3429 254 3485 editio
268 3429 481 3485 Kiesslin'ana
425 3433 500 3498 ana!
516 3429 584 3494 τέως
596 3432 643 3486 vel
655 3429 711 3500 ἥδη
726 3379 903 3486 (ἰολεαόοιώφ
891 3448 952 3488 esse
966 3430 1070 3487 Reiske
1085 3435 1188 3488 censet

166 3498 243 3561 τέλος
262 3500 381 3562 όντεςο.
427 3503 544 3571 iessling
561 3502 625 3558 Bas.
645 3503 741 3572 Progr
761 3522 788 3573 p.
804 3509 839 3557 20
