2674 3978
164 259 206 323 88
591 258 751 306 -z-

164 445 263 506 μενος
290 419 423 508 ἐξουσίᾳ
450 421 488 485 τό
511 442 547 484 τε
569 429 695 486 νοσοῦν
718 418 823 499 ἐξελεῖ
842 427 900 504 τῆς
922 423 1049 498 πόλεως
1071 419 1184 509 μέρος,

160 526 219 594 καὶ
242 531 279 595 τὸ
302 530 399 612 μήπω
423 524 673 612 διεφθαρμένον
696 526 759 591 οὐκ
782 525 871 592 ἐάσει
889 533 1095 613 κακωθῆναι,
1118 531 1183 614 ἔθη

163 658 198 701 τε
220 633 277 700 καὶ
299 637 423 719 νόμιμα
447 631 503 700 καὶ
527 634 698 717 ζηλώματα
720 637 805 718 βίων
822 634 863 698 τά
880 629 1039 713 κράτιστα
1056 641 1183 721 μεθαρ-

165 743 351 827 μοσάμενος
374 739 476 826 ἀρχάς
498 736 527 805 τ’
549 737 724 817 ἀποδείξας
746 739 785 816 δς
806 739 849 806 ἀν
871 739 989 824 ἡγῆται
1012 740 1183 827 σωφρονέ-

138 866 265 915 εστατα
291 859 359 913 τῶν
386 853 510 911 κοινῶν
538 844 800 931 ἐπιτροπεύσειν·
827 844 882 912 καί
909 843 1000 913 ταῦτ’
1028 845 1121 924 έντὸς
1147 845 1182 925 ἓξ

165 965 280 1041 μηνῶν
303 941 555 1037 διοικησάμενος
578 953 711 1037 ίδιώτης
733 947 834 1030 αὖθις
856 955 946 1020 ἔσται
964 955 1003 1020 τὸ
1021 960 1183 1038 τιμᾶσθαι

130 1065 270 1147 3μόνον
299 1059 335 1126 ἐκ
361 1060 488 1126 τούτων
516 1061 645 1144 λαβών,
672 1061 754 1125 ἀλλο
770 1056 813 1152 ,δ’
841 1059 955 1127 οὐθέν.
999 1057 1090 1126 ταῦτ’
1118 1055 1183 1126 οὖν

166 1165 415 1252 ἐνθυμηθέντες
443 1163 497 1230 καὶ
519 1167 557 1232 τὸ
581 1174 689 1251 σχῆμα
711 1173 769 1250 τῆς
789 1170 956 1245 πολιτείας
977 1164 1074 1233 τοῦθ’
1102 1165 1184 1252 ἡγη-

167 1274 305 1358 σάμενοι
324 1271 500 1359 κράτιστον
515 1266 600 1336 εἶναι
615 1273 761 1355 μηθενὸς
774 1271 973 1338 ἀπελαύνετε
987 1274 1047 1338 τὸν
1063 1274 1185 1359 δῆμον,
1329 1266 1330 1320 ί

127 1405 152 1444 ιο
166 1376 239 1446 ἀλλ’
262 1380 371 1465 ὥσπερ
395 1377 498 1466 ἀρχὰς
520 1377 759 1443 ἀποδεικνύναι
781 1380 838 1456 τὰς
860 1375 936 1444 καθ’
958 1377 1097 1445 ἕκαστον
1117 1379 1185 1446 ένι-

167 1489 269 1553 αυτὸν
296 1485 503 1570 ἡγησομένας
530 1495 587 1570 τῆς
613 1487 755 1568 πόλεως,
783 1483 837 1550 καὶ
865 1488 990 1569 νόμους
1017 1488 1095 1564 τοὺς
1122 1484 1185 1571 μὲν
1330 1571 1331 1576 ¹

166 1594 359 1679 ἐπικυροῦν,
381 1595 460 1668 τοὺς
483 1588 513 1656 δ’
537 1590 698 1678 ἀναιρεῖν,
720 1589 775 1656 καὶ
797 1589 874 1678 περὶ
895 1590 1043 1676 πολέμου
1064 1591 1120 1658 καὶ
1139 1596 1262 1662 εί-ιειε

166 1702 269 1786 ρηνης
301 1700 571 1782 διαγιγνώσκειν,
603 1697 624 1763 δ
655 1696 791 1782 μέγιστα
818 1696 872 1764 καὶ
899 1699 1086 1783 κυριώτατά
1114 1699 1185 1765 έστι

165 1817 232 1872 τῶν
256 1806 292 1870 ἐν
315 1814 354 1890 τῇ
378 1807 472 1870 πόλει
495 1801 802 1898 διαπραττομένων,
825 1806 1070 1889 μεταδεδώκατε
1094 1807 1186 1894 αὐτῷ

126 1937 152 1977 ιε
165 1912 221 1979 καὶ
244 1913 386 1989 οὐθενὸς
408 1911 537 1977 τούτων
560 1910 785 1998 αὐτοκράτορα
807 1915 1004 1997 πεποιήκατε
1024 1913 1087 1996 την
1105 1916 1186 1997 βου-

166 2021 241 2102 λήν·
274 2018 378 2096 οὕτως
404 2016 549 2083 καὶτῶν
574 2019 795 2104 δικαστηρίων
819 2019 1023 2103 μεταδίδοτε,
1046 2017 1101 2084 καί
1124 2021 1187 2104 μά-

166 2121 257 2191 λισθ’
284 2121 368 2212 ὑπὲρ
396 2118 445 2190 ών
472 2125 515 2190 ἀν
541 2148 592 2201 τις
619 2125 727 2189 αἰτίαν
755 2127 813 2210 ἔχη
840 2126 901 2208 τὴν
927 2127 1027 2191 πόλιν
1055 2126 1186 2192 ἀδικεῖν

168 2232 283 2298 στάσιν
306 2231 450 2315 εἰσάγων
474 2229 494 2314 ἢ
516 2231 701 2313 τυραννίδα
724 2234 1044 2316 κατασκευαζόμενος
1065 2232 1085 2317 ἢ
1108 2233 1187 2321 περὶ
1257 2317 1261 2322 ¹

168 2339 350 2423 προδοσίας
381 2347 450 2414 τοῖς
478 2340 649 2421 πολεμίοις
678 2336 912 2422 διαλεγόμενος
940 2337 961 2422 ἢ
991 2343 1122 2405 τοιοῦτό
1152 2365 1186 2406 τι

127 2411 248 2528 &mo
272 2446 375 2510 κακὸν
398 2442 574 2529 ἐπιχειρῶν
596 2442 760 2528 πράττειν.
797 2443 864 2533 ὅσῳ
887 2445 950 2531 γάρ
974 2443 1017 2511 ἀν
1034 2449 1186 2534 φοβερώ-

166 2574 264 2637 τερον
290 2549 551 2634 κατασκευάσητε
578 2552 616 2616 τὸ
640 2553 859 2637 παραβαίνειν
881 2553 960 2628 τοὺς
981 2554 1108 2645 νόμους
1129 2552 1187 2619 καὶ

167 2658 206 2722 τὰ
227 2659 292 2739 τίθη
315 2668 422 2722 κινεῖν
443 2667 513 2732 τοῖς
535 2657 707 2742 ὑβρισταῖς
725 2654 780 2722 καὶ
797 2655 1019 2742 πλεονέκταις,
1041 2662 1188 2737 πολλοὺς

168 2763 365 2849 ὀφθαλμοὺς
387 2760 443 2828 καὶ
466 2763 615 2848 φύλακας
637 2762 748 2827 αὐτῶν
771 2762 1014 2847 ἀποδείξαντες,
1036 2767 1187 2856 τοσούτῳ

167 2881 317 2956 κρεῖττον
340 2869 421 2955 ὑμῖν
444 2867 509 2947 ἕξει
532 2869 572 2933 τά
595 2869 700 2933 κοινά.

128 3002 154 3043 εε
234 2975 337 3041 LVII.
379 2979 489 3040 Ταῦτα
520 2972 577 3040 καλ
608 2975 648 3040 τδι
679 2978 891 3060 παραπλήσια
922 2977 1052 3055 τούτοις
1083 2979 1188 3044 εῖπδον

169 3081 344 3148 έπαύσατο.
390 3093 464 3148 τῶν·
485 3077 522 3146 δὲ
550 3085 741 3166 βουλευτῶν
770 3081 805 3146 οῖ’
829 3079 898 3166 μετ’
925 3082 1028 3149 αὐτὸν
1053 3082 1188 3151 ἀνιστά-

168 3212 264 3272 μενοι
295 3191 382 3273 πλην
415 3189 539 3271 ὀλίγων
570 3187 605 3253 οί
635 3185 745 3253 λοιποὶ
777 3189 880 3275 ταύτῃ
911 3187 1117 3275 προσέθεντο
1147 3199 1188 3277 τῇ

241 3384 256 3432 5
286 3374 497 3450 ἐπιτροπεύσειν
524 3380 550 3432 Α
632 3386 665 3434 10
693 3377 879 3435 ἀποδείκνυτε
906 3380 959 3434 ΑΒ
987 3397 1057 3435 corr.
1085 3381 1188 3437 Portus

170 3457 201 3505 11
221 3448 400 3521 ἡγησομένας
418 3450 441 3503 Β
497 3455 529 3505 18
549 3449 750 3520 σκευαζόμενος
767 3450 789 3504 Ο
809 3468 878 3507 corr.
892 3451 997 3507 Reiske
1054 3459 1088 3507 19
1106 3453 1189 3508 *τοι-

168 3521 295 3577 ούτονΟ
356 3528 391 3576 20
409 3520 545 3575 κακῶνΒ
