2656 3974
198 275 264 340 342
622 275 790 328 -Θ-

196 447 257 524 γῆς
284 436 353 505 οὔτ’
381 437 524 524 ἀγχόνης
551 439 627 504 οὔτε
655 437 832 523 φαρμάκου
861 434 930 503 οὔτ’
959 439 1063 504 ἀλλον
1091 449 1159 502 τών
1182 436 1215 516 ἐξ

197 545 376 630 ἐπιβουλῆς
393 545 552 610 θανάτων
571 543 719 621 οὐδενός.
751 545 796 622 ὡς
814 541 844 609 δ’
864 543 1019 628 ἐγνώσθη
1037 546 1076 610 τὸ
1094 545 1215 629 πάθος,

197 650 253 718 καὶ
275 649 467 739 προηνέχθη
491 654 528 718 τὸ
553 663 647 736 σῶμα
671 653 717 728 είς
739 651 801 734 την
824 650 963 738 ἀγοράν,
986 652 1165 735 δαιμόνιόν
1182 673 1214 716 τι

196 759 372 835 κωλύσεως
395 759 592 844 συγκύρημα
615 756 729 835 ἔδοξεν
752 751 851 841 εἶναι,
873 755 929 822 καὶ
953 756 1070 823 αὐτίκα
1092 756 1113 840 ἡ
1137 758 1284 842 δίκη1848

162 852 378 966 ξδιελέλυτο.
423 875 490 930 τῶν
518 866 583 951 γάρ
611 865 723 930 ἀλλων
750 861 864 940 οὐδεὶς
891 863 1012 948 ἐτόλμα
1035 864 1215 949 δημάρχων

196 969 375 1035 ἀνακαλεῖν
397 970 459 1053 την
484 969 611 1054 στάσιν,
634 968 719 1035 ἀλλά
742 966 798 1035 καὶ
820 978 881 1036 τοῦ
900 973 1064 1036 Γενυκίου
1087 973 1216 1053 κατεγί-

195 1092 329 1141 νωσκον
355 1077 484 1160 πολλὴν
512 1078 644 1162 μανίαν.
689 1076 722 1141 εί
743 1071 804 1160 μέν
828 1069 890 1141 οὖν
913 1071 1020 1161 μηδὲν
1042 1079 1090 1142 ἔτι
1112 1082 1216 1143 πολυ-

194 1191 466 1270 πραγμονοῦντες
489 1185 526 1249 οί
544 1183 663 1249 ύπατοι
688 1181 894 1266 διετέλεσαν,
917 1177 989 1248 ἀλλ’
1016 1183 1148 1269 ἀφῆκαν
1171 1183 1216 1260 ὡς

196 1290 214 1356 ὁ
244 1292 374 1375 δαίμων
397 1289 550 1376 ἐκοίμησε
572 1292 635 1375 τὴν
659 1289 793 1374 στάσιν,
820 1287 933 1366 οὐδεὶς
955 1288 997 1356 ἀν
1021 1290 1144 1366 αὐτοὺς
1167 1292 1216 1356 ἔτι

156 1420 183 1461 ιο
195 1395 354 1482 κατέλαβε
378 1399 548 1480 κίνδυνος,
570 1406 636 1462 νῦν
655 1394 686 1462 δ’
706 1398 753 1474 είς
771 1396 957 1462 αὐθάδειαν
975 1395 1031 1462 καί
1048 1398 1216 1481 καταφρό-

195 1521 295 1588 νησιν
326 1514 388 1570 τοῦ
420 1506 603 1589 δημοτικοῦ
621 1506 836 1590 Ιτραπόμενοι
867 1501 923 1568 καὶ
954 1505 993 1569 τὸ
1025 1511 1082 1587 τῆς
1112 1503 1217 1588 ἀρχῆς

194 1609 330 1696 κράτος,
353 1610 434 1677 ὅσον
458 1609 567 1694 ἐστίν,
590 1609 749 1688 ἐπιδεῖξαι
772 1612 983 1695 βουλόμενοι,
1005 1609 1089 1674 κακά
1113 1607 1216 1695 ἐξειρ-

194 1715 341 1800 γάσαντο
360 1717 494 1801 μεγάλα.
524 1714 709 1804 προθέντες
725 1717 789 1802 γδιρ
809 1719 1049 1802 στρατολογίαν
1063 1713 1120 1780 καὶ
1136 1718 1217 1792 τοὺς

195 1823 257 1908 οὐχ
284 1823 516 1902 ὑπακούοντας
542 1835 614 1902 ταῖς
639 1821 669 1888 τ’
696 1824 812 1900 ἀλλαις
842 1825 970 1907 ζημίαις
995 1819 1052 1888 καὶ
1073 1827 1216 1906 πληγαῖς

155 1951 181 1992 15
195 1929 332 2017 ῥάβδων
353 1931 680 2016 προσαναγκάζοντες
703 1932 752 2007 είς
774 1928 936 1995 ἀπόνοιαν
960 1927 1119 2014 ἐποίησαν
1138 1954 1216 2014 τρα-

193 2034 317 2102 πέσθαι
340 2047 400 2103 τοῦ
424 2039 604 2122 δημοτικοῦ
627 2038 665 2103 τῦ
687 2034 802 2121 πλέον,
825 2034 890 2102 ἀπὸ
908 2036 1062 2119 τοιαύτης
1080 2032 1210 2120 μάλιστ’
1315 2099 1316 2128 ρ

195 2144 310 2220 αίτίας.
613 2209 615 2216 ,

261 2247 465 2314 XXXVIIII.
497 2246 596 2336 Ἀυῆρ
620 2273 669 2326 τις
693 2248 818 2315 ἐκτῶν
841 2250 1031 2334 δημοτικῶν
1053 2249 1094 2313 τὰ
1117 2245 1217 2314 πολέ-
1314 2271 1315 2293 ¹

195 2377 255 2438 μια
284 2358 448 2441 λαμπρός,
478 2354 635 2442 Βολέρων
663 2358 828 2439 Πόπλιος,
856 2355 1040 2440 ἡγεμονίαν
1069 2353 1217 2440 ἐσχηκὼς
1313 2401 1314 2408 ι

155 2485 181 2524 ιο
196 2460 304 2543 λόχων
328 2457 365 2524 ἐν
387 2471 459 2537 ταῖς
476 2458 653 2546 προτέραις
671 2463 867 2547 στρατείαις,
889 2457 956 2526 τότ’
974 2458 1049 2526 ἀντὶ
1066 2465 1217 2547 λοχαγοῦ

196 2567 395 2652 στρατιώτης
426 2569 509 2653 πρὸς
540 2567 651 2633 αὐτῶν
682 2566 916 2653 κατεγράφετο.
968 2567 1013 2644 ὡς
1046 2563 1076 2632 δ’
1113 2569 1285 2652 ῆναν-1849
1312 2589 1313 2619 ι

194 2680 307 2737 τιοῦτο
334 2670 390 2737 καὶ
414 2671 476 2739 οὐκ
498 2673 594 2757 ἠξίου
616 2676 730 2758 χώραν
752 2671 950 2758 ἀτιμοτέραν
973 2677 1089 2758 λαβεῖν
1113 2670 1217 2740 οὐδέν
1311 2763 1312 2768 ¹

194 2777 389 2865 ἡμαρτηκὼς
417 2777 454 2844 έν
480 2791 552 2857 ταῖς
577 2779 752 2867 προτέραις
779 2783 979 2866 στρατείαις,
1009 2781 1217 2867 δυσανασχε-
1311 2775 1312 2781 “

194 2891 330 2962 τοῦντες
356 2885 392 2950 οί
416 2884 536 2953 ύπατοι
558 2887 619 2970 την
642 2889 830 2973 παρρησίαν
852 2886 955 2954 αὐτοῦ
977 2898 1047 2965 τοῖς
1069 2886 1217 2973 ῥαβδού-

156 3015 181 3054 ιε
195 3015 268 3077 χοις
290 2989 467 3057 ἐκέλευσαν
489 2993 551 3076 την
574 2991 701 3076 ἐσθῆτά
718 3015 753 3057 τε
773 2991 1051 3079 περικαταρρῆξαι
1069 2991 1125 3058 καί
1143 3005 1216 3072 ταῖς

160 3098 335 3186 2όάβδοις
362 3100 399 3164 τὸ
428 3108 521 3183 σῶμα
549 3097 684 3176 ξαίνειν.
731 3098 749 3164 ὁ
778 3094 815 3163 δέ
838 3101 973 3175 νεανίας
995 3100 1074 3176 τούς
1097 3122 1131 3164 τε
1157 3100 1218 3184 δη-
1309 3097 1310 3107 ’

266 3323 483 3396 θπροσηυέχθη
502 3325 528 3379 A
619 3320 807 3381 ῦέλὲλντοΒ
898 3320 1057 3396 θέκοίμισε
1080 3341 1104 3380 ο.
1124 3325 1219 3381 Cobet
1307 3375 1308 3380 ,

195 3397 261 3452 obs.
283 3416 311 3467 p.
333 3403 384 3452 180
475 3403 508 3452 16
532 3396 589 3451 ἀπὸ
607 3405 657 3467 τῆς
674 3396 806 3466 τοιαύτης
828 3396 876 3450 Bb
967 3402 1001 3452 20
1024 3401 1146 3466 λοχαγοῦ
1166 3399 1218 3452 τὸν
1307 3385 1308 3433 I

195 3467 365 3536 στρατιώτην
384 3466 431 3520 Ba
458 3471 480 3522 λ.
499 3468 549 3522 τόν
568 3483 640 3523 eras,
660 3469 828 3538 στρατιώτης
845 3467 893 3522 Bb
1002 3473 1036 3522 23
1056 3471 1218 3537 στρατείαις
1306 3505 1307 3520 ι

195 3539 291 3593 om.B
365 3542 399 3590 ῦὸ
418 3556 447 3591 τε
467 3539 564 3594 om.B
637 3545 671 3593 26
691 3539 848 3612 ξ<αι>νειν
861 3538 907 3594 Bb
1019 3539 1020 3544 ’
