2674 3978
558 267 720 316 -Z-
943 276 979 328 .'
1107 263 1147 326 11

108 421 324 513 φθείρας,
307 393 459 510 ετοίμους
481 427 555 518 ἐσχε
580 430 827 552 συγκαταλῦσαι
849 427 910 567 τήν
930 432 1148 492 καθεστῶσαν

123 534 308 598 πολιτείαν.
1192 602 1197 608 ,

196 637 269 703 VII.
309 639 378 716 Οὺς
401 641 585 722 συνεργοὺς
607 636 662 704 καὶ
685 638 935 722 συναγωνιστὰς
957 639 1069 723 λαβὼν
1087 637 1148 719 Ικαὶ

125 745 148 810 ἃ
174 747 286 829 δεήσει
309 745 465 830 πράττειν
488 743 636 822 ἑκάστοις
658 743 867 832 ὑποθέμενος
888 756 959 822 τοῖς
981 741 1009 809 τ’
1033 746 1149 831 αίχμα-

124 853 259 935 λώτοις,
282 851 342 928 οὓς
364 850 513 936 ἐπήγετο,
535 859 657 938 προῖκα
680 854 761 929 δοὺς
780 854 843 937 τήν
862 851 1070 935 ἐλευθερίαν,
1092 852 1148 916 ίυα
1174 873 1188 915 τ

123 955 184 1023 καὶ
205 958 268 1040 τήν
292 956 428 1023 ἐκείνων
452 959 588 1024 εὔνοιαν
611 957 795 1044 προσλάβῃ,
817 956 969 1024 κατέπλει
989 966 1148 1042 κεκοσμη-

54 1062 245 1148 1326μέναις
266 1076 339 1142 ταῖς
361 1061 482 1130 ναυσὶν
505 1066 553 1141 είς
571 1067 650 1141 τοὺς
667 1074 734 1129 τῶν
753 1066 916 1148 Κυμαίων
934 1063 1078 1150 λιμένας.
1115 1064 1152 1130 οί

126 1167 165 1236 δέ
184 1181 253 1236 τῶν
268 1170 539 1256 στρατευομένων
552 1170 689 1255 πατέρες
707 1193 741 1235 τε
759 1167 815 1235 καὶ
830 1168 971 1255 ’μητέρες
989 1170 1045 1237 καὶ
1057 1181 1148 1237 πᾶσα

124 1277 248 1361 ήόίλλη
263 1275 451 1362 συγγένεια,
465 1277 581 1342 παιδία
595 1299 629 1341 τε
643 1274 699 1341 καὶ
712 1273 851 1361 γαμεταὶ
864 1288 1029 1361 γυναῖκες,
1043 1277 1148 1360 ὑπήυ-
1201 1361 1203 1366 Ι

125 1395 197 1449 ’των
219 1383 367 1462 ἐξιοῦσιν
389 1383 502 1461 αὐτοῖς
524 1384 604 1468 μετδι
628 1384 783 1469 δακρύων
801 1386 1075 1467 περιπλεκόμενοι
1092 1381 1148 1448 καί
1162 1405 1189 1446 10

125 1495 387 1575 καταφιλοῦντες
405 1488 460 1555 καὶ
478 1500 549 1566 ταῖς
566 1489 717 1573 ἡδίσταις
730 1488 869 1555 ἕκαστον
883 1488 1161 1573 ἀνακαλούμενοι·
1252 1557 1253 1560 ,
1284 1557 1288 1565 ,

125 1601 375 1681 προσηγορίαις.
412 1594 467 1661 καὶ
490 1595 510 1679 ἡ
535 1597 617 1680 ἄλλη
642 1592 679 1660 δέ
702 1596 835 1678 πληθὺς
856 1595 877 1679 η
900 1595 982 1661 κατά
1005 1596 1066 1679 τήν
1089 1599 1183 1666 πό-2

126 1709 183 1769 λιν
216 1705 334 1769 ἅπασα
355 1710 442 1790 χαρᾷ
473 1700 529 1766 καὶ
556 1705 664 1791 κρότῳ
693 1698 887 1786 δεξιουμένη
914 1703 973 1766 τὸν
1001 1700 1148 1786 ἡγεμόνα

127 1811 344 1896 προῦπεμπεν
361 1810 409 1886 είς
427 1804 519 1875 οἷκον
538 1808 688 1874 ἀπιόντα.
722 1808 774 1895 ἐφ’
794 1800 844 1886 οἷς
862 1809 897 1874 οί
912 1811 1148 1895 προεστηκότες

128 1926 188 2000 τῆς
214 1921 343 1994 πόλεως
364 1915 561 2001 ἀνιώμενοι,
589 1915 730 2000 μάλιστα
754 1913 785 1981 δ’
807 1916 843 1980 οί
862 1916 923 1999 τήν
947 1918 1146 1998 στρατηγίαν
1161 1938 1187 1980 τε

128 2024 221 2111 αὐτῷ
241 2016 446 2109 παραδόντες
468 2019 523 2088 καὶ
546 2015 649 2088 τᾶλλα
671 2023 711 2086 τδ
734 2024 817 2107 πρὸς
840 2024 899 2087 τὸν
922 2023 1066 2105 ὄλεθρον
1087 2044 1148 2104 μη-

127 2131 364 2215 χανησάμενοι,
387 2129 556 2213 πονηροὺς
577 2124 662 2211 ὑπὲρ
685 2139 745 2194 τοῦ
768 2127 947 2212 μέλλοντος
965 2122 1056 2212 εἶχον
1076 2128 1147 2192 δια-

128 2238 317 2320 λογισμούς.
354 2235 372 2301 δ
397 2231 434 2300 δὲ
457 2235 621 2308 διαλιπὼν
640 2234 754 2318 ὀλίγας
771 2234 864 2310 τινδις
881 2231 1015 2319 ἡμέρας,
1039 2232 1075 2298 ἐν
1094 2225 1182 2311 αἷς3

128 2345 187 2421 τὰς
219 2342 317 2428 εὐχδις
344 2341 505 2407 ἀπεδίδου
533 2352 602 2418 τοῖς
628 2347 722 2418 θεοῖς
748 2338 803 2406 καὶ
830 2341 888 2417 τὰς
915 2340 1148 2425 ὑστεριζούσας

129 2449 273 2526 ὁλκοίδας
299 2446 489 2534 ἀνεδέχετο,
517 2447 630 2532 ἐπειδή
654 2449 768 2533 καιρὸς
790 2442 848 2531 ήυ,
876 2449 939 2533 ἐφη
963 2448 1146 2532 βούλεσθαι
1160 2469 1188 2510 ιο

69 2638 71 2640 ¹
129 2556 169 2619 τδι
191 2552 383 2640 πραχθέντα
405 2555 487 2619 κατὰ
509 2556 569 2620 τὸν
588 2553 700 2637 ἀγῶνα
718 2555 801 2638 πρὸς
818 2554 879 2637 τήν
898 2555 1025 2638 βουλήν
1044 2553 1147 2638 ἀπαγ-

129 2667 235 2744 γείλαι
258 2659 314 2726 καὶ
337 2662 385 2726 τδι
401 2660 437 2726 ἐκ
454 2670 516 2726 τοῦ
534 2643 680 2744 πολέμου
699 2660 833 2746 λάφυρα
851 2659 1030 2738 ἀποδείξαι.
1068 2677 1147 2726 συν-

130 2769 302 2834 ελθόντων
330 2761 367 2830 δέ
394 2777 461 2831 των
489 2765 525 2830 ἐν
550 2763 635 2831 τέλει
662 2767 748 2832 κατὰ
770 2771 901 2851 πλῆθος
927 2768 976 2843 είς
1002 2768 1039 2831 τὸ
1067 2769 1147 2850 βου-

70 2874 305 2957 1327λευτήριον
332 2872 350 2938 ὁ
379 2868 441 2956 μὲν
469 2862 666 2957 ἐδημηγόρει
693 2873 873 2956 παρελθὼν
899 2869 965 2936 καὶ
977 2871 1084 2936 πάντα
1106 2873 1146 2937 τδ

125 2982 292 3063 γενόμενα
318 2980 399 3044 κατὰ
427 2981 488 3063 τὴν
516 2979 624 3064 μάχην
652 2976 790 3065 διεξῄει,
818 2978 853 3043 οί
880 2973 917 3041 δέ
939 2994 1146 3062 παρασκευα-
1161 2998 1187 3040 τε
1276 3049 1277 3052 ¹

131 3085 302 3162 σθέντες*
285 3082 341 3151 υπ’
359 3085 463 3152 αὐτοῦ
482 3084 640 3170 συνεργοὶ
656 3095 715 3170 τής
734 3082 914 3212 ἐπιθέσεως
932 3085 1097 3170 ἐγοντες“
1080 3088 1146 3152 υπὸ

201 3307 361 3395 ἐπήγετο
381 3312 440 3366 B
427 3311 587 3383 υπηγοίγετο
604 3313 630 3366 R
653 3309 809 3384 ἐπηγάγετο
832 3329 855 3369 ο.
881 3312 1014 3368 Gelenius
1038 3315 1068 3368 ελ
1091 3314 1146 3371 def.

130 3384 241 3454 Kruger
262 3384 300 3438 ad
324 3383 405 3440 Dion.
425 3384 498 3440 nist.
520 3402 548 3453 p
568 3389 603 3437 94
676 3390 692 3438 6
715 3382 922 3454 κεκοσμημένος
945 3384 967 3438 Ο
991 3385 1146 3454 praeta-B

132 3455 224 3520 14εςί
242 3453 322 3511 οἷκον
340 3454 393 3509 ΑΒ
440 3460 473 3509 17
492 3475 583 3525 πονηρ
585 3454 661 3516 ἀς-
675 3454 868 3525 διαλλαγὰςΒ
916 3463 948 3510 18
968 3455 1147 3530 διαλ<ι>πὼν
1200 3451 1205 3460 ’

131 3463 165 3582 Β4
207 3534 242 3583 20
261 3523 410 3596 ἀνεδέχετο
429 3528 451 3581 Β
471 3477 583 3596 ἐδέχετο
600 3526 626 3578 R
680 3533 714 3581 22
734 3529 924 3582 συνελθότων
930 3527 952 3579 Β
