2660 3976
553 219 714 266 -Ζ-
1101 215 1145 281 97

126 395 197 451 νιος
219 373 256 439 ἐκ
278 379 403 458 πολλῆς
426 374 610 460 ἐπιμελείας
632 373 687 442 καί
709 385 934 461 παρασκευῆς,
956 375 1059 442 πάνθ’
1083 377 1146 444 ὅσα

126 481 278 563 πράττων
301 481 322 565 ἢ
344 480 451 565 λέγων
475 483 493 549 ὁ
516 482 602 569 άνηρ
632 482 714 548 κατά
740 491 802 548 τοῦ
829 483 938 567 δήμου
962 482 1146 550 διετέλεσεν

126 589 172 664 είς
190 591 396 674 κατασκευην
415 589 616 675 τυραννίδος
633 587 824 674 ἀναφέρων·
849 591 959 654 ἔπειτα
975 587 1043 674 μετ’
1063 590 1146 656 έκεῖ-

125 713 188 760 νον
210 695 247 760 οί
266 696 491 761 δυνατώτατοι
513 707 581 762 τῶν
604 695 783 781 δημάρχων
806 696 921 760 είπεῖν.

191 799 295 864 LXII.
327 797 383 877 Ὡς
415 796 452 866 δὲ
483 798 670 885 παρέλαβεν
704 802 722 868 ὁ
754 800 908 886 Μάρκιος
939 803 999 867 τὸν
1030 805 1144 887 λόγον,
1171 829 1185 870 ι

126 904 308 992 ἀρξάμενος
334 907 469 972 ἄνωθεν
496 905 561 972 άπὸ
589 915 647 990 τῆς
673 908 804 991 πρώτης
830 907 959 991 ἡλικίας
992 909 1145 992 διῆλθεν,

126 1011 206 1090 ὅσας
224 1011 482 1097 ἐστρατευμένος
498 1007 542 1096 ην
560 1008 645 1098 ὑπὲρ
663 1022 722 1096 τῆς
738 1015 866 1091 πόλεως
884 1018 1066 1098 στρατείας,
1088 1013 1145 1080 καί

125 1119 226 1196 ὅσους
248 1117 392 1204 εἰληφὼς
415 1118 595 1196 ἐπινικίους
617 1119 706 1204 παρδ
729 1130 796 1184 τῶν
814 1130 1007 1205 στρατηγῶν
1025 1121 1145 1207 στεφά-

125 1247 205 1302 νους
237 1228 406 1309 πολεμίων
436 1246 472 1290 τε
504 1228 582 1302 τοὺς
614 1223 803 1310 ληφθέντας
830 1228 1058 1310 αίχμαλώτους
1084 1225 1141 1292 ὑπ’

62 1331 230 1397 ιιεεαίιτοῢ
256 1327 312 1397 καλ
338 1336 484 1397 πολιτῶν
510 1334 589 1408 τοὺς
616 1329 844 1408 διασωθέντας
870 1331 908 1396 έν
934 1343 1004 1410 τοϊς
1026 1332 1144 1416 άμώσι·
1160 1363 1186 1403 ιο

123 1435 179 1502 καί
206 1435 284 1522 παρ’
313 1437 452 1503 ἕκαστον
478 1448 545 1504 τῶν
573 1436 763 1522 λεγομένων
790 1437 831 1503 τά
857 1435 885 1501 τ’
912 1435 1061 1524 ἀριστεῖα
1090 1438 1145 1504 έπ-

124 1545 295 1609 εδείκνυτο
318 1541 374 1609 καὶ
392 1547 470 1621 τοὺς
488 1547 692 1629 στρατηγοὺς
711 1545 880 1629 μάρτυρας
897 1547 1070 1630 παρείχετο
1090 1543 1145 1610 καί
1259 1543 1264 1555 ’

124 1660 191 1715 τῶν
223 1653 369 1715 πολιτῶν
402 1652 480 1726 τοὺς
511 1648 741 1727 διασωθέντας
770 1649 803 1728 έξ
834 1647 997 1735 ὀνόματος
1026 1649 1145 1716 έκάλει.

125 1756 159 1820 οί
180 1752 218 1821 δὲ
241 1752 413 1842 παρῄεσαν
436 1755 684 1842 ὀλοφυρόμενοι
705 1754 761 1822 καὶ
784 1757 938 1842 δεόμενοι
961 1767 1029 1823 τῶν
1051 1762 1180 1834 πολι-2

124 1869 208 1946 τῶν,
236 1861 282 1946 μη
309 1863 369 1928 τὸν
396 1868 504 1928 αίτιον
532 1867 626 1948 σφίσι
651 1872 709 1947 τῆς
732 1867 896 1949 σωτηρίας
918 1864 963 1942 ὡς
984 1861 1145 1948 πολέμιον
1159 1892 1185 1933 ιι

69 1963 71 1970 ’
125 1966 300 2053 ἀπολέσαι,
327 1971 408 2053 μίαν
434 1965 464 2034 τ’
487 1968 562 2035 άντί
583 1974 718 2036 πολλῶν
740 1972 852 2056 ψυχὴν
876 1971 1067 2055 αἰτούμενοι
1089 1967 1145 2036 καί

124 2076 365 2162 παραδιδόντες
388 2072 526 2152 ἑαυτοὺς
548 2073 619 2140 ἀντ’
644 2075 773 2142 ἐκείνου
796 2083 953 2162 χρῆσθαι,
976 2075 1043 2140 ὅτι
1065 2077 1145 2160 βού-

125 2185 250 2247 λονται.
295 2176 382 2265 ἦσαν
410 2179 440 2246 δ’
469 2182 504 2246 οί
528 2185 664 2260 πλείους
687 2182 798 2248 αὐτῶν
821 2181 857 2248 έκ
880 2192 940 2248 τοῦ
964 2183 1145 2266 δημοτικοῦ

124 2285 244 2370 μένους
266 2284 322 2353 καί
344 2288 452 2353 πολλὰ
473 2297 520 2376 τῶ
543 2295 647 2375 κοινῷ
670 2289 839 2374 χρήσιμοι·
864 2281 913 2352 ὧν
930 2287 987 2364 τάς
1005 2285 1032 2354 τ’
1052 2290 1146 2368 ὄψεις

123 2391 179 2458 καί
211 2394 270 2471 τὰς
302 2394 430 2476 δεήσεις
458 2392 501 2459 δι’
529 2393 689 2480 αἰσχύνης
716 2394 734 2460 ὁ
764 2396 869 2479 δῆμος
893 2395 1074 2479 λαμβάνων
1098 2398 1146 2472 είς
1159 2423 1185 2463 ιο

124 2506 257 2578 οίκτους
283 2498 339 2566 καί
367 2501 496 2586 δάκρυα
519 2500 684 2585 ἐτράπετο.
730 2500 775 2577 ώς
798 2496 836 2565 δὲ
858 2498 913 2564 καὶ
935 2501 998 2585 την
1021 2500 1179 2586 έσθητα3

124 2605 143 2670 ὁ
161 2607 316 2691 Μάρκιος
338 2604 619 2692 περιρρηξάμενος
642 2606 829 2685 ἐπεδείξατο
850 2607 890 2672 τά
910 2604 1028 2693 στέρνα
1046 2631 1145 2693 τραυ-

124 2713 238 2796 μάτων
268 2713 370 2797 μεστδ
400 2711 455 2778 καὶ
482 2722 549 2778 πᾶν
579 2715 643 2795 [τὸ]
673 2714 754 2780 άλλο
782 2710 881 2798 μέρος
907 2723 968 2779 τοῦ
995 2714 1146 2798 σώματος

123 2817 300 2885 ἀνάπλεων
327 2829 395 2884 τῶν
422 2821 575 2904 πληγῶν,
607 2816 663 2884 καὶ
691 2818 851 2903 έπάθετο,
882 2820 914 2883 εί
939 2830 1007 2884 τῶν
1035 2818 1145 2884 αὐτῶν

61 2923 316 3011 ιωεάυθρώπων
345 2927 426 3010 ἔργα
455 2919 542 2990 εἶναι
570 2927 744 3010 νομίζουσι
774 2927 891 3004 σώζειν
920 2920 982 3008 μὲν
1012 2923 1048 2990 έκ
1077 2935 1144 2989 τῶν
1159 2950 1185 2992 ιι

123 3029 278 3116 πολέμων
305 3033 383 3108 τοὺς
410 3033 560 3115 πολίτας,
591 3030 776 3097 άπολλάναι
804 3028 842 3096 δέ
868 3033 947 3107 τοὺς
974 3027 1146 3108 σωθέντας

125 3135 161 3201 ἐν
188 3139 319 3223 είρηνη·
349 3135 405 3202 καί
432 3139 464 3202 εί
484 3138 669 3224 τυραννίδα
691 3139 1013 3222 κατασκευαζόμενός
1036 3161 1085 3213 τις
1107 3138 1145 3202 τὸ

126 3242 305 3327 δημοτικὸν
334 3243 465 3309 έλαάνει
493 3241 591 3330 μέρος
619 3243 656 3309 έκ
682 3247 825 3328 πόλεως,
855 3237 914 3329 ὑφ’
942 3238 983 3308 οὗ
1011 3240 1140 3328 μάλιστ’

199 3475 230 3524 13
250 3467 395 3533 σωθέντας
411 3470 435 3523 Β
508 3477 542 3525 23
561 3470 592 3526 ιθ
612 3471 667 3526 del.
686 3470 790 3526 Reiske
862 3477 896 3528 27
915 3492 957 3535 τις
976 3488 1029 3527 om.
1049 3472 1072 3525 Β

179 3569 278 3611 mom.
292 3571 356 3610 Eu.
370 3569 416 3611 111.
438 3581 477 3610 τυ.
491 3570 594 3612 mont.
968 3567 983 3616 7
