2674 3978
172 209 214 292 οε
596 228 758 276 -z—

171 390 211 454 τά
238 389 394 474 κράτιστα
422 387 662 472 συνεβούλευες
688 387 818 461 τούτοις
839 382 894 450 καὶ
917 387 1123 470 συνήνεγκεν
1147 384 1191 451 ἂν

170 503 210 580 τῇ
237 497 332 561 πόλει
359 505 461 560 ταῦτα
489 497 667 578 γευόμενα,
699 499 764 557 είτε
794 491 839 568 ὡς
870 491 933 558 ούκ
960 494 1029 556 ἔστι
1057 493 1191 558 δίκαιον

171 604 282 685 λόγων
309 601 458 678 εὐθύνας
484 598 619 685 ὑπέχειν
647 601 724 676 τοὺς
747 596 1038 683 ἀποφαινομένους
1065 597 1192 664 ἐνθάδε

173 711 231 786 τάς
253 708 397 792 γνώμας,
421 712 486 771 είτε
510 705 555 782 ὡς
578 705 639 771 οὐκ
658 704 694 770 ἐκ
716 708 876 789 προνοίας
898 699 978 770 οὐδὲ
1001 702 1193 789 ἐπιβουλῆς,

146 811 246 880 τᾶλλ’
273 814 355 900 ὀργῇ
383 809 560 897 ἐπιτρέψας
587 813 627 875 τά
655 811 756 896 μιαρά
783 819 886 878 ταῦτα
912 822 1089 896 παραινεῖν
1111 832 1193 897 προ-

136 921 295 1005 4ήχθης,
322 916 389 984 ελθ’
420 918 595 1001 ὁτιδήποτε
624 918 706 983 άλλο
734 915 928 1002 ἀπολόγημα
956 918 1048 1002 ἔχεις.
1094 941 1194 984 κατα-

173 1028 315 1109 βίβασον
342 1023 406 1090 άπὸ
435 1035 502 1089 τῶν
529 1023 753 1109 ὑπερηφάνων
781 1020 837 1088 καὶ
858 1033 1069 1107 τυραννικῶν
1092 1023 1195 1109 αύχη-

174 1131 288 1216 μάτων
303 1129 440 1196 ἐκείνων
451 1132 591 1196 σεαυτὸν
606 1128 659 1208 ἐπὶ
672 1133 710 1196 τὸ
726 1130 1001 1215 δημοτικώτερον,
1016 1123 1042 1194 ό)
1056 1129 1195 1217 πονηρέ,

174 1235 230 1303 καὶ
258 1240 398 1321 ποίησον
420 1238 485 1322 ήδη
513 1233 592 1301 ποτὲ
620 1248 690 1314 τοῖς
712 1238 826 1313 άλλοις
848 1235 1043 1322 ἀνθρώποις
1066 1236 1195 1321 ὅμοιον.

136 1357 162 1398 1⁰
175 1343 400 1430 ἡμαρτηκότος
427 1339 509 1428 λαβέ
537 1340 594 1408 καὶ
615 1340 883 1429 παραιτουμένου
907 1351 1014 1428 σχῆμα
1037 1346 1197 1410 ταπεινὸν

176 1447 275 1534 <καὶ>
295 1448 452 1533 ἐλεεινόν,
471 1440 545 1515 οἷον
567 1448 764 1515 ἀπαιτοῦσιν
784 1449 822 1513 αί
838 1453 1016 1534 συμφοραί.
1053 1450 1098 1533 μή
1122 1455 1197 1536 βια-

176 1558 312 1639 ζόμενος
342 1559 420 1632 τοὺς
453 1566 561 1633 κακῶς
595 1557 824 1639 πεπονθότας,
861 1551 932 1620 ἀλλ’
969 1555 1198 1641 ὑπερχόμενος

141 1656 273 1741 ὗάξίου
301 1663 475 1740 σώζεσθαι.
520 1659 671 1745 γενέσθω
701 1678 754 1727 σοι
780 1661 989 1746 παράδειγμα
1016 1672 1073 1746 τής
1095 1661 1273 1732 &atet-1412

176 1773 282 1853 κείας,
308 1761 330 1854 ᾗ
361 1769 531 1854 χρώμενος
557 1767 599 1832 δν
626 1775 697 1852 είης
725 1770 808 1854 πρὸς
833 1771 913 1845 τοὺς
935 1770 1002 1853 άμα
1024 1775 1199 1837 πολιτευο-

137 1874 299 1961 τεμένους
322 1873 556 1959 ἀνεπίληπτος,
583 1876 623 1940 τά
645 1886 712 1939 τῶν
736 1873 875 1958 άγαθῶν
897 1875 1025 1941 τούτων
1048 1878 1141 1963 ἔργα,
1165 1881 1220 1943 οἳ·

177 1991 332 2048 τοσοῦτοι
355 1977 417 2065 μὲν
441 1983 534 2058 όντες
556 1983 593 2046 τὸ
617 1986 758 2065 πλῆθος,
781 1981 880 2058 ὅσους
901 1991 967 2048 νῦν
985 1981 1085 2059 αὐτὸς
1105 1983 1199 2071 ὁρᾷς,

177 2089 339 2164 τοσαύτας
361 2085 393 2152 δ’
419 2086 536 2173 άρετάς
565 2085 839 2171 ἀποδεδειγμένοι
862 2085 918 2152 καὶ
940 2089 1119 2171 πολεμικάς
1141 2087 1199 2155 καὶ

177 2187 361 2278 πολιτικάς,
393 2194 432 2271 ἃς
467 2193 537 2260 οὐδ’
570 2192 607 2258 έν
639 2197 750 2281 πολλῷ
783 2193 872 2258 Ιπάνυ
903 2197 1014 2283 χρόνςο
1047 2196 1200 2261 διελθεῖν

179 2298 312 2387 ῥᾴδιον,
336 2297 438 2367 οὐδὲν
462 2302 553 2386 ὠμὸν
576 2297 650 2366 οὐδ’
671 2299 886 2386 ὑπερήφανον
910 2298 1088 2384 ἐξήνεγκαν
1106 2301 1201 2381 τέλος

140 2433 166 2474 ω
179 2402 260 2471 καθ’
287 2405 381 2489 ήμῶν
409 2416 476 2499 τῷν
504 2407 643 2492 φαύλων
671 2405 726 2472 καὶ
753 2416 917 2471 ταπεινῶν
945 2407 980 2472 οί
1005 2405 1122 2491 σεμνοὶ
1144 2407 1201 2475 καὶ

180 2512 337 2596 μεγάλοι,
369 2511 452 2578 άλλά
482 2512 538 2578 καὶ
568 2516 678 2597 λόγων
707 2507 811 2598 ἦρξαν
841 2516 1076 2599 συμβατηρίων
1104 2513 1201 2581 αὐτοὶ

179 2621 334 2704 πρότεροι
370 2622 600 2703 προτείνοντες
632 2618 827 2702 διαλλαγάς,
864 2619 917 2684 ὅτε
954 2620 1079 2685 διεῖλεν
1115 2621 1202 2706 ήμάς

180 2722 235 2790 ἀπ’
253 2724 408 2810 άλλήλων
425 2726 446 2810 ή
465 2727 558 2812 τύχη,
577 2723 632 2791 καί
650 2727 707 2802 τάς
729 2725 908 2810 συμβάσεις
926 2726 987 2812 οὐχ
1007 2726 1051 2803 ὡς
1069 2723 1203 2805 ἑαυτοῖς

181 2831 417 2916 ὑπελάμβανον
446 2833 564 2918 άριστα
598 2830 699 2919 έξεινή,
737 2829 809 2897 ἀλλ’
843 2831 888 2909 ὡς
918 2831 1012 2916 ἡμεῖς
1041 2831 1202 2919 ἠξιοῦμεν

257 2995 271 3042 1
287 2989 565 3114 συῖνῃειβ>ούλευεςΒ
581 2992 586 3059 l
601 2991 667 3057 pont
685 2988 793 3050 τούτοις
810 2987 929 3057 praebet
944 2986 970 3043 εί
988 2989 1064 3042 ABa
1083 2991 1139 3045 είτε
1153 2991 1202 3045 Bb

184 3059 238 3115 del.
254 3059 356 3113 Kiess'
378 3066 418 3129 gl
435 3059 610 3128 συνήνεγκαν
626 3058 662 3112 άν
677 3059 699 3113 0
716 3059 868 3128 συνήνεγκε
888 3059 1010 3128 Sylburg
1029 3061 1203 3131 συνήνεγκεν

185 3129 221 3184 διν
235 3128 379 3200 Kiessling
451 3137 467 3184 2
488 3132 538 3185 ούκ
554 3128 594 3184 ἔτι
608 3131 726 3184 δικαίων
742 3133 830 3199 λόγων
844 3131 869 3182 Α
942 3136 959 3184 4
978 3133 1033 3185 εἴτε
1053 3133 1104 3202 ούχ
1123 3133 1160 3195 ὡς
1179 3133 1202 3188 Ο

186 3217 255 3254 corr.
275 3200 397 3270 Sylburg
469 3201 548 3256 όὸτι
566 3198 673 3271 μήποτε
693 3201 744 3254 ΑΒ
767 3205 771 3268 Ι
793 3199 897 3325 έχηςΒ
970 3204 1159 3272 8δημοτικὸν
1178 3205 1204 3258 A

186 3271 412 3340 δημοτικώτατον
430 3271 453 3326 Β
472 3273 695 3342 δημοτικώτερον
714 3289 737 3328 ο.
757 3273 804 3341 Syl
826 3289 879 3340 urg
952 3278 983 3326 11
1005 3269 1128 3329 ἐλεεινὸν
1148 3276 1203 3332 del.

187 3340 275 3396 Cobet
290 3342 355 3396 0bs.
370 3361 397 3412 p.
415 3348 467 3397 144
483 3345 487 3412 Ι
503 3343 577 3398 *καὶ
591 3359 643 3412 ego
658 3342 757 3397 addidi
813 3349 845 3397 14
860 3341 1020 3416 <είη>ςΒλι
1075 3350 1110 3400 16
1125 3347 1204 3402 *νῦν

186 3412 406 3553 δΚρήιξεχίλῃὲαύτὸς
424 3413 492 3490 ὁρᾷς
509 3415 532 3468 Β
556 3422 608 3468 νῦν
627 3414 712 3476 αύτδς
730 3414 798 3489 δρᾷς
816 3431 869 3483 ego
950 3420 982 3468 18
1001 3416 1161 3482 διεξελθεῖν
1180 3435 1205 3475 ο.
