2660 3976
219 242 285 306 200
643 243 810 292 -Η-

182 399 424 489 2μαινομένην
443 403 548 489 ὀργήν
565 405 734 489 προάγεις·
754 401 810 468 καὶ
828 399 907 470 οὐδὲ
925 406 1005 481 τούς
1021 402 1225 489 πεμφθέντας

220 512 285 576 ὑπὸ
308 519 366 595 τῆς
388 513 513 594 βουλῆς
534 508 688 595 πρέσβεις
710 509 872 595 φέροντάς
895 525 949 575 σοι
972 521 1039 575 τῶν
1061 532 1096 575 τε
1120 509 1224 594 ἐγκλη-

220 619 333 703 μάτων
356 618 477 701 άφεσιν
499 613 554 681 καὶ
581 615 731 681 κάθοδον
755 614 809 681 ἐπὶ
834 616 875 681 τά
902 617 1008 681 οἰκεῖα
1037 619 1158 701 φίλους
1179 613 1225 681 καὶ

220 724 372 808 ἀγαθοὺς
390 724 515 808 ἀνδρας
533 721 696 799 ἐλθόντας
714 721 903 808 ἐνετράπης,
926 718 1006 787 οὐδὲ
1024 724 1103 800 τοὺς
1127 723 1226 809 ίερεῖς,

193 831 281 908 τούς
310 831 347 895 τὸ
377 833 567 894 τελευταῖον
597 831 742 913 ἔπεμψεν
770 828 791 912 ἡ
819 831 933 914 πόλις,
966 829 1038 913 ίερδι
1069 828 1226 914 στέμματα

222 944 315 1003 θεῶν
345 938 480 1021 ἔχοντας
509 933 608 1019 <καὶ>
630 938 865 1022 προτείνοντας
895 939 1068 1023 [γηραιοὺς
1096 937 1226 1022 ἄνδρας]

220 1043 305 1108 ἀλλὰ
327 1040 383 1107 καὶ
404 1042 544 1118 τούτους
567 1040 752 1126 ἀπήλασας,
782 1043 943 1120 αὐθάδεις
964 1040 1020 1108 καὶ
1043 1043 1228 1119 δεσποτικὰς

186 1150 267 1226 δὼς
288 1147 542 1235 κεκρατημένοις
564 1147 754 1235 ἀποκρίσεις
777 1150 866 1226 δοάς.
912 1148 976 1234 ἐγὼ
996 1145 1059 1234 μὲν
1077 1149 1139 1214 οὐκ
1162 1152 1228 1234 ἔγω,

220 1266 290 1333 πῶς
313 1254 474 1321 ἐπαινέσω
497 1264 600 1320 ταῦτα
621 1256 670 1320 τάἸ
685 1257 810 1342 σκληρά
832 1254 888 1321 καὶ
907 1255 1078 1342 ὑπέραυχα
1097 1253 1152 1321 καί
1172 1257 1227 1339 τήν

182 1384 210 1424 10
223 1364 356 1448 θνητήν
378 1362 484 1447 φάσιν
508 1361 706 1446 ἐκβεβηκότα
729 1363 932 1447 δικαιώματα
960 1363 1071 1447 ὁρῶσα
1093 1385 1228 1448 καταφυ-

221 1466 283 1554 γάς
307 1468 491 1556 εὑρημένας
514 1470 638 1535 άπασιν
657 1467 850 1555 ἀνθρώποις
872 1467 927 1534 καλ
949 1471 1170 1556 παραιτήσεις,
1187 1462 1228 1533 ὧν

222 1575 265 1641 δν
293 1574 540 1661 ἐξαμαρτάνωσι
566 1574 643 1662 περὶ
671 1575 857 1660 ἀλλήλους,
880 1577 1043 1662 ἱκετηρίας
1069 1575 1126 1642 καὶ
1147 1576 1282 1650 λιτὰςιοαι

225 1679 354 1764 [καὶτὸ
377 1694 581 1767 καταφυγεῖν
605 1680 658 1748 ἐπὶ
681 1686 759 1759 τοὺς
786 1681 1007 1767 ἠδικημένους
1033 1685 1070 1748 τὸ
1099 1681 1229 1748 ἀδικοῦν

223 1791 396 1871 ταπεινόν,
419 1794 510 1854 θεῶν
533 1789 614 1874 ἡμῖν
636 1799 739 1855 ταῦτα
761 1790 801 1854 τά
825 1791 888 1874 ἔθη
911 1787 1228 1874 καταστησαμένων]

183 1916 210 1956 ιε
224 1893 282 1980 ὑφ’
306 1889 354 1961 ὧν
372 1899 565 1981 μαραίνεται
587 1904 676 1960 πᾶσα
695 1895 777 1981 ὀργή
801 1894 856 1961 καὶ
875 1893 950 1960 ἀντὶ
967 1906 1028 1961 τοῦ
1051 1906 1160 1980 μισεῖν
1176 1895 1230 1959 τὸν

222 2001 348 2088 ἐχθρὸν
371 1999 466 2066 ἐλεεῖ·
490 2005 569 2079 τούς
587 2001 618 2067 δ’
641 2001 806 2088 αὐθαδείᾳ
827 1999 1056 2088 χρησαμένους
1072 1999 1129 2066 καὶ
1148 2000 1230 2074 λιτάς

225 2109 343 2174 ίαετόιν
369 2108 586 2194 ὑβρίσαντας,
615 2109 761 2185 ἅπαντας
787 2107 1037 2194 νεμεσωμένους
1059 2108 1125 2174 ὑπὸ
1147 2115 1230 2173 θεῶν

188 2219 210 2281 4
225 2212 281 2280 καλ
303 2216 351 2292 είς
374 2215 548 2300 συμφοράς
565 2213 851 2301 καταστρέφοντας
869 2214 931 2281 οὐκ
949 2216 1105 2302 εὐτυχεῖς.
1145 2209 1229 2280 αὐτοὶ

225 2322 289 2406 γάρ
318 2322 360 2404 δή
388 2332 520 2407 πρῶτον
551 2321 587 2387 οἱ
610 2329 712 2386 ταῦτα
739 2322 1021 2407 καταστησάμενοι
1048 2320 1104 2387 καὶ
1135 2342 1230 2405 παρα-

185 2445 212 2486 ιο
227 2428 342 2503 δόντες
363 2427 444 2511 ἡμῖν
465 2425 543 2494 θεολ
567 2430 800 2513 συγγνώμονες
820 2439 889 2506 τοῖς
908 2428 1136 2515 ἀνθρωπίνοις
1153 2422 1230 2492 είσλν

226 2532 435 2619 ἁμαρτήμασι
457 2531 513 2600 καὶ
535 2533 781 2620 εὐδιάλλακτοι,
808 2533 863 2601 καὶ
885 2533 1004 2602 πολλοὶ
1026 2537 1091 2620 ήδη
1115 2533 1231 2620 μεγάλα

300 2732 314 2779 1
335 2725 469 2796 προάγεις
483 2726 530 2780 Ba
547 2727 697 2797 προσάγεις
710 2727 787 2781 Assb
843 2734 859 2782 6
879 2725 1020 2798 *ἔχοντας
1038 2726 1171 2798 γηραιοὺς
1187 2724 1232 2778 άν-

228 2799 298 2867 δρας
317 2799 517 2868 προτείνοντας
535 2797 605 2852 ἀλλὰ
623 2798 676 2852 AB
700 2799 835 2870 γηραιοὺς
857 2797 965 2869 ἄνδρας
984 2796 1046 2869 ίερδι
1065 2817 1104 2854 στ.
1126 2796 1234 2868 ἐχοντας

226 2869 276 2922 κοιλ
299 2871 499 2938 προτείνοντας
521 2885 544 2924 ο.
570 2869 671 2924 Portus
700 2871 834 2941 γηραιούς
862 2870 969 2941 ἀνδρας
996 2869 1097 2939 delevi,
1120 2869 1234 2924 fortasse

227 2943 427 3010 προτείνοντας
448 2939 600 2994 delendum
623 2943 667 2995 est
695 2945 699 3008 Ι
728 2943 795 3010 ροεῖ
817 2940 925 3011 ἄνδρας
947 2941 1060 2996 codices
1088 2939 1236 2995 deteriores

226 3011 292 3074 τούς
309 3013 388 3066 θεῶν
407 3011 561 3084 σεβασμοὺς
581 3006 666 3078 ἐδέξω
684 3013 824 3081 praebent
887 3019 905 3067 θ’
922 3009 1024 3067 αίνέσω
1044 3011 1097 3066 ΑΒ
1113 3015 1118 3082 Ι
1133 3009 1167 3066 τδι
1185 3026 1236 3064 om.

226 3081 280 3135 AB
354 3089 386 3136 12
405 3081 494 3137 verba,
510 3084 626 3137 turbata
640 3084 669 3136 et
682 3082 729 3137 vix
747 3082 839 3138 lenius
858 3099 944 3152 quam
959 3082 1000 3138 sie
1017 3082 1131 3138 restitui
1143 3095 1237 3151 posse:

228 3151 369 3224 ίκετηρίας
383 3153 431 3208 καλ
446 3153 529 3222 λιτάς,
551 3151 603 3222 ὑφ’
620 3149 659 3208 ὧν
673 3156 841 3226 μαραίνεται
858 3163 935 3210 πάσα
955 3154 1022 3226 ὀργὴ
1042 3153 1091 3208 καλ
1110 3151 1173 3208 άντλ
1190 3157 1238 3206 τοῦ

228 3231 319 3292 μισεῖν
338 3225 387 3279 τὸν
407 3220 513 3294 ἐχθρὸν
532 3219 608 3279 ἐλεεῖ
621 3225 652 3280 τδ
671 3227 791 3280 ἀδικοῦν
810 3225 975 3296 καταφνγδν
995 3221 1043 3280 ἐπὶ
1061 3226 1126 3288 τούς
1142 3224 1238 3294 ἠδικη-

228 3293 329 3362 μένους
349 3295 405 3363 (vel
423 3296 454 3351 τὸ
473 3295 656 3366 ήδικήμενον)
678 3296 720 3368 [τὸ
739 3297 887 3368 ταπεινὸν]
910 3301 988 3352 θεῶν
1013 3296 1081 3367 ἡμῖν
1099 3305 1187 3350 ταῦτα
1204 3291 1239 3346 τά

229 3364 284 3434 ἔθη
304 3365 555 3436 καταστησαμένων
574 3384 597 3423 ο.
622 3366 778 3438 Kiessling,
802 3384 855 3436 ego
874 3368 962 3423 verba
979 3368 1029 3422 καὶ
1051 3367 1082 3423 τό
1102 3398 1135 3408 -
1153 3383 1239 3421 κατα·
1293 3371 1294 3442 j

230 3434 409 3505 στησαμένων
428 3436 507 3491 uncis
526 3437 637 3507 inclusi,
657 3455 755 3492 cume
779 3437 906 3509 margine
932 3438 1079 3508 irrepsisse
1102 3438 1132 3492 in
1153 3435 1240 3492 verba
1293 3447 1294 3502 ξ

228 3508 367 3576 appareat
421 3512 454 3560 19
474 3508 714 3579 καταστησάμενοι
731 3510 754 3563 Β
773 3509 1020 3581 παραστησάμενοι
1038 3511 1065 3564 R
1293 3505 1294 3516 ¹
