2660 3976
163 237 228 302 120
587 239 748 288 -Ζ-

161 401 393 486 λαμβάνοντας
414 404 536 485 μελῶν,
558 397 614 465 καὶ
632 399 752 475 ταύτας
773 395 926 482 ἀλφίτοις
948 398 1106 474 δεύοντας
1124 393 1180 463 καὶ

162 510 403 591 καθαγίζοντας
426 503 479 572 ἐπὶ
501 516 568 572 τών
588 509 723 590 βωμῶν,
745 504 790 582 ὡς
813 502 867 570 ἐπὶ
889 513 947 588 τῆς
969 503 1069 588 αὐτῆς
1091 514 1181 571 ποιεῑ

162 617 298 691 θυσίας’

591 697 663 767 ὁδ’
693 699 893 786 ὠμοθετεῖτο
916 701 1078 786 συβώτης,
1183 715 1254 766 1497

137 826 151 866 ε
232 807 413 873 Πάντοθεν
436 806 618 893 ἀρχόμενος
640 804 767 891 μελέων
791 804 824 883 ἐς
845 808 946 872 πίονα
969 807 1090 891 δημόν·

231 911 298 978 Καὶ
321 915 360 978 τά
384 910 445 998 μὲν
467 910 549 999 πυρὶ
571 913 672 998 βάλλε
695 913 844 990 παλύνας
866 911 1008 998 ἀλφίτου
1031 913 1123 999 ἀκτῇ.

113 1063 154 1127 18
238 1059 348 1120 Ταῦτα
380 1050 417 1120 δὲ
444 1051 625 1139 Ῥωμαίους
656 1057 705 1119 ἔτι
731 1052 788 1119 καὶ
817 1055 864 1132 είς
894 1051 950 1138 ἐμὲ
978 1055 1184 1138 πράττοντας

167 1160 220 1228 ε’πδ
241 1173 313 1239 ταῖς
334 1165 470 1239 θυσίαις
494 1162 576 1226 ίδὼν
600 1160 788 1245 ἐπίσταμαι·
811 1158 867 1228 καὶ
889 1169 948 1248 μιᾷ
970 1166 1078 1226 πίστει
1102 1163 1183 1248 τῇδε

166 1267 371 1353 ἀρκούμενος
399 1268 440 1334 ού
467 1268 657 1353 βαρβάρους
686 1265 846 1352 ἐπείσθην
873 1263 960 1333 εἶναι
990 1270 1069 1344 τοὺς
1101 1270 1185 1333 οίκι-

127 1399 154 1439 10
168 1376 247 1452 στάς
264 1382 320 1458 τῆς
334 1371 469 1458 Ῥώμης,
489 1370 560 1439 ἀλλ’
580 1373 616 1438 ἐκ
633 1378 767 1440 πολλῶν
783 1376 894 1439 τόπων
913 1379 1186 1459 συνεληλυθότας

157 1480 331 1566 Ἕλληνας.
384 1481 480 1564 ὀλίγα
507 1476 569 1564 μὲν
596 1481 659 1564 γάρ
688 1465 928 1565 ἐπιτηδεύματα
957 1480 1033 1568 περὶ
1062 1486 1187 1560 θυσίας

167 1612 202 1654 τε
220 1583 275 1653 καὶ
295 1585 410 1672 ἑορτάς
428 1587 550 1672 ὁμοίως
563 1584 702 1670 Ἕλλησι
720 1584 775 1651 καὶ
793 1588 983 1671 βαρβάρους
1000 1590 1092 1666 τινάς
1115 1588 1199 1654 ἔπιέ

167 1700 275 1760 τελείν
298 1691 481 1778 ἐνδέχεται,
507 1693 615 1760 πάντα
644 1689 680 1758 δὲ
703 1692 805 1758 ταύτά
828 1694 983 1774 πράττειν
1006 1694 1184 1762 ἀπίθανον.

234 1799 387 1865 LXXIII.
410 1802 540 1866 Λοιπὸν
564 1797 593 1864 δ’
617 1802 745 1883 ἔτιμοι
767 1797 823 1865 καὶ
845 1797 1009 1881 περὶτῶν
1033 1800 1187 1886 ἀγώνων,
1258 1825 1264 1836 “

129 1929 156 1968 15
170 1907 229 1985 οὓς
247 1907 327 1992 μετά
345 1908 407 1992 την
425 1908 560 1991 πομπὴν
579 1904 766 1990 ἐπετέλουν,
789 1906 885 1990 ὀλίγα
904 1908 1061 1973 διελθεῖν.
1096 1918 1187 1994 πρώ-

169 2038 226 2092 τος
257 2015 275 2081 ὁ
307 2024 374 2080 τῶν
406 2018 598 2097 τεθρίππων
634 2036 669 2078 τε
706 2010 761 2078 καὶ
794 2015 993 2094 συνωρίδων
1027 2012 1082 2079 καὶ
1118 2025 1188 2080 τῶν

170 2121 334 2201 ἀζεύκτων
361 2121 471 2186 ἵππων
499 2119 626 2204 ἐγίνετο
655 2121 794 2205 δρόμος,
822 2121 867 2196 ὡς
893 2117 969 2206 παρ’
987 2119 1125 2206 Ἕλλησι
1147 2124 1187 2188 τὸ

134 2227 309 2314 βάρχαῖον
329 2226 528 2311 Ὀλυμπίασί
546 2249 581 2292 τε
602 2224 659 2291 καὶ
682 2224 777 2312 μέχρι
798 2235 859 2292 τοῦ
882 2229 1055 2310 παρόντος.
1092 2227 1129 2294 ἐν
1148 2225 1189 2292 δὲ

170 2317 256 2409 ταῖς
275 2333 422 2409 ίππικαῑς
453 2330 605 2416 ἁμίλλαις
639 2331 878 2416 ἐπιτηδεύματα
908 2333 970 2398 δύο
999 2344 1067 2397 τών
1096 2334 1267 2401 πάνυ1498

130 2461 158 2501 ευ
171 2444 321 2505 παλαιῶν
348 2440 392 2515 ώς
419 2436 452 2516 ἐξ
481 2437 583 2524 ἀρχῆς
612 2437 843 2522 ἐνομοθετήθη
867 2441 1098 2523 φυλαττόμενα
1120 2441 1188 2507 ὑπὸ

166 2543 336 2630 Ῥωμαίων
359 2543 454 2632 μέχρι
476 2555 544 2611 τῶν
566 2543 636 2610 κατ’
664 2541 719 2628 ἐμὲ
743 2545 904 2610 διάκειται
925 2548 1068 2631 χρόνων,
1091 2550 1189 2614 τότε

171 2651 248 2739 περὶ
274 2653 314 2718 τά
341 2654 488 2736 τρίπωλα
515 2662 582 2717 τών
609 2650 782 2738 δερμάτων,
809 2651 827 2716 ὃ
855 2649 931 2736 παρ’
956 2649 1094 2737 Ἕλλησι
1125 2649 1190 2737 μὲν

173 2760 379 2843 ἐκλέλοιπεν,
404 2757 542 2844 ἀρχαῖον
566 2758 649 2842 <όν>
674 2757 875 2842 ἐπιτήδευμα
897 2755 952 2821 καὶ
975 2756 1137 2844 ἡρωικόν,
1161 2753 1189 2848 ᾧ

171 2879 263 2934 ποιεί
279 2868 357 2943 τοὺς
369 2862 686 2950 ἝλληναςὍμηρος
704 2863 740 2929 ἐν
759 2876 831 2941 ταῖς
848 2863 967 2950 μάχαις
984 2863 1189 2950 χρωμένους·

144 3091 146 3094 ·
246 3083 262 3130 2
290 3075 513 3146 καθαγι[ζοντας
530 3105 564 3114 -
588 3075 724 3147 συβώτης]
753 3089 808 3128 om.
832 3073 854 3126 B
882 3073 946 3127 add.
971 3073 1047 3144 Bmg
1135 3075 1192 3131 48

174 3149 345 3217 ὠμοθετεῖτο
364 3146 386 3199 Β
478 3150 511 3198 12
531 3144 690 3219 βαρβάρους
712 3147 764 3199 καί
783 3164 863 3207 τινας
881 3143 912 3198 0.
933 3161 1001 3200 corr.
1021 3145 1143 3218 Sylburg
1163 3150 1190 3220 β.

113 3249 118 3262 ·
174 3218 224 3273 καλ
250 3217 394 3286 πλάνητας
420 3215 564 3286 Kiossling
654 3224 687 3272 13
706 3215 891 3270 *ἀπανταΟ
925 3218 930 3285 Ι
963 3216 1093 3271 ταύταΟ
1117 3235 1190 3275 corr.

174 3288 278 3344 Reiske
351 3295 385 3342 14
404 3285 432 3342 δ’
454 3285 511 3341 ἔστι
530 3288 619 3357 μοιθ
644 3287 675 3342 δὲ
695 3285 736 3342 ἔτι
754 3307 802 3358 μοι
819 3285 963 3357 Kiessling
1036 3295 1068 3343 17
1088 3283 1193 3364 ίγ<ι>-

175 3360 281 3415 νετοΒ
307 3363 310 3418 Ι
336 3357 427 3429 ὥσπερ
448 3357 469 3413 Ο
490 3359 526 3421 ὡς
544 3357 613 3429 παρ’
635 3359 757 3429 Sylburg
831 3363 863 3412 18
878 3356 1044 3428 Ὀλυμπίασι
1061 3360 1111 3414 καὶ
1129 3363 1192 3414 Πυ-

174 3433 259 3486 θίασι
278 3424 392 3483 ἐποίουν
416 3428 465 3483 καὶ
488 3429 576 3553 μέχρὲι
590 3439 640 3486 τοῦ
666 3438 718 3484 νύν
736 3428 877 3500 παρόντος
894 3437 1024 3484 ποιοῦσιν
1043 3445 1066 3486 ο.
1085 3431 1193 3488 Reiske

568 3519 577 3554 1

177 3509 210 3558 21
230 3500 383 3571 διάκειται]
403 3502 530 3554 διατελεῖ
579 3501 686 3570 essling
757 3508 791 3555 23
812 3498 845 3554 δν
865 3500 929 3556 add.
948 3499 1091 3571 Kieesling
