2586 3972
532 213 699 264 ..Θ-

107 371 296 459 παρίδοσαν
319 385 387 450 τοῖς
410 372 560 460 ἐχθροῖς,
588 371 713 451 ἐκεῖνος
735 374 754 439 ό
777 373 879 460 χάραξ
904 375 922 440 ὁ
944 377 1003 440 τδν
1023 374 1125 441 ἐκλει-

108 478 239 563 φθέντα
251 478 496 564 ὑποδεξάμενος
509 478 584 545 ἀντὶ
596 490 658 546 τοῦ
670 478 951 565 καταλειφθέντος
963 479 1124 548 ἁλώσεται

108 589 163 673 βίᾳ
189 589 376 671 κρατηθείς.

173 691 249 757 VII.
285 696 394 757 Ταῦτα
416 692 505 779 παρά
527 703 594 758 τῶν
613 693 764 776 μάντεων
783 694 819 758 ολ
839 692 1006 780 Τυρρηνοὶ
1025 693 1123 760 ἀκού-

13 791 14 798 '
107 815 224 875 σαντες
247 796 338 884 μέρει
361 796 428 863 τινὶ
451 806 507 882 τῆς
530 796 656 864 ἑαυτῶν
680 808 833 885 στρατιᾶς
855 800 916 884 τὴν
939 798 1122 884 ἐρημωδεῖ-
1149 825 1164 866 ε

12 857 14 992 Ι
108 920 169 970 σαν
188 904 255 970 ὑπὸ
274 915 341 970 τῶν
351 902 520 989 Ῥωμαίων
538 905 847 990 καταλαμβάνονται
866 907 1122 988 στρατοπεδείαν

12 1011 14 1114 ξ
48 1011 150 1086 τίσεως
181 1010 386 1096 ἐπιτείχισμα
413 1014 629 1096 ποιησόμενοι
656 1021 713 1095 τῆς
741 1009 864 1098 ἑτέρας·
900 1007 944 1097 ἦν
971 1008 1008 1078 δὲ
1036 1014 1124 1078 πάνυ
1230 1061 1233 1068 -

11 1121 14 1166 ἱ
108 1116 230 1204 ἐχυρὸν
253 1119 290 1182 τὸ
313 1120 436 1204 χωρίον
459 1116 514 1182 καὶ
536 1129 607 1195 τοῖς
629 1118 693 1184 ἀπὸ
708 1116 834 1203 Ῥώμης
857 1117 910 1184 ἐπὶ
932 1121 969 1185 τὸ
990 1122 1125 1202 στρατό-

11 1169 13 1286 λ
106 1225 211 1290 πεδον
235 1226 326 1289 ίοῦσι
348 1225 524 1301 κωλύσεως
546 1223 583 1289 ἐν
604 1230 695 1312 καλῷ
719 1229 882 1309 κείμενον.
918 1246 1125 1310 πραγματευ-

107 1331 246 1415 σάμενοι
270 1327 307 1396 δὲ
330 1329 385 1397 καὶ
404 1325 518 1413 τᾶλλα,
541 1329 573 1408 ἐξ
594 1325 642 1396 ὧν
660 1332 914 1414 πλεονεκτήσειν
932 1331 1011 1407 τοὺς
1028 1336 1124 1396 πολε·
1141 1360 1167 1398 ιο

10 1487 12 1562 Ι
107 1440 219 1522 μίους.
237 1440 392 1522 ἔμελλον,
424 1437 542 1521 ἐξῆγον
574 1439 622 1514 είς
651 1440 688 1503 τὸ
717 1439 835 1503 πεδίου
866 1438 924 1513 τὰς
955 1436 1123 1520 δυνάμεις.

11 1565 12 1570 ’
107 1548 279 1629 μενόντων
298 1539 335 1610 δὲ
353 1553 421 1609 τῶν
429 1541 599 1627 Ῥωμαίων
619 1540 670 1628 ἐφ’
688 1544 827 1630 ἡσυχίας
843 1543 1159 1630 προσιππεύοντες2

9 1571 13 1720 ἀ
107 1649 139 1728 ἐξ
171 1650 283 1715 αὐτῶν
314 1651 349 1715 ολ
373 1653 612 1736 τολμηρότατοι
639 1648 695 1715 καὶ
723 1654 866 1735 πλησίον
892 1661 953 1717 τοῦ
981 1651 1125 1737 χάρακος

9 1721 11 1792 ί
109 1757 296 1842 ἱστάμενοι,
325 1757 485 1840 γυναῖκάς
513 1754 541 1821 τ’
571 1756 774 1844 ἀπεκάλουν
789 1759 935 1835 ἅπαντας
963 1756 1019 1823 καὶ
1047 1759 1126 1833 τοὺς

109 1863 272 1948 ἡγεμόνας
304 1863 414 1928 αὐτῶν
443 1875 513 1940 τοῖς
540 1863 741 1940 δειλοτάτοις
768 1875 835 1930 τῶν
864 1865 955 1942 ζώων
982 1862 1125 1929 ἐοικέναι
1142 1889 1166 1928 ιε

107 1969 261 2055 λέγοντες
290 1969 454 2053 ἐκάκιζον,
482 1968 537 2034 καὶ
565 1971 659 2035 δυεῖν
685 1971 831 2056 θάτερον
854 1968 983 2052 ἠξίουν·
1012 1969 1043 2033 εί
1064 1964 1125 2052 μὲν

108 2077 359 2144 ἀντιποιοῦνται
382 2084 440 2160 τῆς
461 2075 537 2162 περὶ
556 2078 596 2141 τά
613 2075 754 2161 πολέμια
772 2075 899 2163 ἀρετῆς,
921 2074 1126 2158 καταβάντας

109 2185 155 2261 είς
177 2185 215 2249 τὸ
238 2184 357 2249 πεδίον
380 2191 439 2270 μιᾷ
462 2185 521 2249 τὸν
544 2183 658 2266 ἀγῶνα
679 2195 792 2269 κρίναι
815 2183 918 2268 μάχη,
941 2183 972 2246 εί
993 2178 1024 2246 δ’
1048 2181 1126 2264 ὁμο-

8 2271 9 2280 ¹
109 2297 270 2373 λογοῦσιν
294 2284 380 2354 εἶναι
403 2293 511 2373 κακοί,
533 2292 745 2376 παραδόντας
766 2288 807 2353 τὰ
831 2289 916 2353 ὅπλα
934 2298 1004 2365 τοῖς
1021 2291 1126 2374 κρείτ-

8 2389 9 2470 ἷ
109 2414 183 2462 τοσι
206 2393 262 2460 καὶ
287 2397 381 2471 δίκας
402 2395 625 2482 ὑποσχόντας,
653 2390 700 2460 ὧν
724 2396 885 2481 ἔδρασαν,
912 2395 1125 2484 μηδενὸςέτι
1140 2423 1166 2462 εο

109 2515 176 2569 τῶν
199 2502 353 2586 μεγάλων
377 2497 516 2579 ἑαυτοὺς
539 2501 665 2580 ἀξιοῦν.
702 2499 789 2568 τοῦτ’
810 2499 947 2566 ἐποίουν
965 2500 1161 2585 ὁσημέραιδ

110 2608 163 2675 καὶ
182 2607 253 2675 ἐπεὶ
272 2604 374 2674 οὐδὲν
393 2607 580 2694 ἐπέραινον,
600 2607 815 2693 ἀποτειχίζειν
835 2606 957 2683 αὐτοὺς
975 2609 1126 2689 ἔγνωσαν

46 2716 153 2793 τισῡδις
177 2721 261 2803 λιμῷ
286 2701 615 2799 προσαναγκάσοντες
637 2722 853 2799 παραστῆναι.
896 2712 932 2778 οί
953 2710 983 2777 δ’
1007 2712 1126 2778 ὕπατοι

109 2823 299 2909 περιεώρων
326 2821 365 2885 τὰ
392 2823 552 2904 γινόμενα
579 2817 675 2905 μέχρι
702 2823 844 2903 πολλοῦ,
872 2817 915 2884 δι’
942 2819 1126 2905 ἀνανδρίαν

110 2926 170 3013 μὲν
189 2928 210 3012 ἢ
229 2930 393 3012 μαλακίαν
412 2926 572 3010 οὐδεμίαν
587 2919 628 2973 ’-
650 2926 830 3012 ἀμφότεροι
849 2926 913 3011 γάρ
932 2925 1076 3009 εόψυχοί
1092 2947 1126 2988 τε
1141 2941 1167 2982 υ

110 3033 164 3100 καὶ
188 3036 407 3120 φιλοπόλεμοι
426 3028 512 3117 ἦσαν
530 3036 620 3099 -τὸ
641 3029 678 3098 δὲ
697 3043 764 3098 τῶν
783 3041 993 3118 στρατιωτῶν
1013 3030 1126 3096 ἐθελό-

182 3269 197 3316 7
217 3257 406 3331 πονησάμενοι
424 3261 498 3316 κατὰ
515 3269 564 3330 τῆς
582 3279 605 3317 ο.
621 3258 764 3332 Kiessling
826 3266 856 3314 11
876 3261 995 3314 πεδίων
1014 3258 1037 3311 Β
1094 3266 1126 3312 12

111 3329 164 3388 τῶν
184 3335 280 3387 om.B
373 3339 406 3386 13
426 3328 455 3398 ἐξ
474 3333 567 3387 αὐτῶν
586 3334 608 3386 Β
627 3332 697 3402 πρὸς
715 3333 808 3386 αὐτῶν
826 3330 853 3383 R
941 3337 973 3385 15
992 3330 1068 3396 ζώων
1088 3333 1127 3384 εί-

111 3408 195 3470 καζον
218 3420 269 3472 pro
293 3407 315 3470 ζ.
335 3400 459 3458 ἐοικέναι
482 3403 609 3474 λέγοντες
632 3400 762 3468 ἐκάκιζον
786 3420 807 3457 c.
829 3403 919 3457 Cobet
942 3401 1008 3457 Obs.
1028 3407 1054 3472 μ.
1076 3409 1127 3458 174

111 3483 143 3531 21
164 3474 215 3543 δοή
234 3476 279 3544 (ex
297 3477 378 3544 corr.)
398 3494 481 3545 μεραι
498 3475 521 3528 Β
595 3481 630 3529 24
648 3472 851 3548 περ<ιε>ἀρων
870 3473 917 3527 Bb
