2660 3976
555 291 589 302 -
625 263 654 312 Η
690 290 724 301 -
1083 259 1164 327 155’

124 417 190 497 νὺξ
217 424 372 504 παρῆλθε
403 418 459 486 καί
490 431 548 507 τῆς
575 420 732 507 ἐπιούσης
761 419 886 507 ἡμέρας
914 425 952 490 τὸ
979 428 1148 509 πλείσταν,

124 524 185 591 καὶ
204 523 307 592 οὐδὲν
325 520 373 592 ὧν
392 527 604 594 ἐδεδοίκεσαν
622 527 762 612 ἐγίνετο,
784 525 855 594 ἀλλ’
879 530 996 613 ἔμενεν
1015 530 1033 596 ὁ
1050 531 1148 616 Μάρ-

124 655 202 710 κως
224 630 274 718 ἐφ’
301 633 453 720 ἡσυχίας,
476 632 687 721 συνέδραμον
708 636 849 712 ἅπαντες
866 635 915 712 είς
935 637 998 720 την
1020 635 1148 723 ἀγοράν

125 739 165 804 οί
185 738 360 824 δημοτικοὶ
381 738 436 805 καὶ
458 743 538 818 τοὺς
559 745 752 826 πατρικίους
773 741 916 808 ἐκάλουν
938 745 986 820 είς
1007 745 1046 810 τὸ
1068 747 1148 828 βου-

38 846 319 931 ισσιλευτηριον,
350 843 406 911 καὶ
437 847 470 912 εί
497 847 543 931 μὴ
569 849 858 932 προβουλεύσουσι
885 857 931 936 τῷ
960 847 1059 935 άνδρλ
1085 850 1187 933 τηνε

123 953 292 1035 κάθοδον,
309 950 404 1018 αὐτοὶ
422 955 669 1038 βουλεύσεσθαι
684 952 761 1039 περὶ
779 965 877 1039 σφῶν
890 955 1002 1021 αὐτῶν
1019 957 1147 1041 ἔφασαν
1227 987 1230 994 ·

124 1058 174 1136 ὡς
191 1060 440 1143 προδιδόμενοι
476 1063 550 1126 τότε
569 1061 612 1145 δὴ
631 1063 853 1139 συνελθόντες
869 1063 918 1138 είς
938 1061 1000 1145 τὴν
1018 1063 1183 1148 βουλην4

124 1165 165 1230 ol
183 1169 351 1251 πατρίκιοι
368 1169 568 1251 ψηφίζονται
586 1168 791 1253 πρεσβευτὰς
807 1169 891 1252 πρὸς
912 1169 971 1233 τὸν
989 1169 1148 1254 Μάρκιον

123 1269 320 1338 ἀποστεῖλαι
337 1270 435 1338 πέντε
453 1273 580 1358 ἄνδρας
598 1273 634 1339 ἐκ
652 1283 720 1340 τῶν
737 1273 986 1360 πρεσβυτάτων,
1008 1273 1069 1352 οδς
1086 1276 1147 1359 μά-

124 1375 212 1444 λιστ’
240 1377 365 1456 ἐκεῖνος
386 1378 563 1464 ἠσπάζετο,
589 1378 665 1465 περὶ
693 1379 877 1456 διαλύσεώς
899 1376 1012 1444 τεκαὶ
1034 1384 1147 1464 φιλίας
1161 1405 1188 1444 ιι

125 1483 392 1570 διαλεξομένους.
436 1481 522 1570 ἦσαν
541 1484 572 1552 δ’
596 1487 631 1553 οί
646 1484 936 1573 προχειρισθέντες
958 1483 1014 1550 ἀπ’
1036 1487 1147 1553 αὐτῶν

124 1592 249 1677 ἄνδρες
271 1593 354 1676 οἵδε,
382 1592 522 1679 Μάρκος
544 1595 721 1678 Μηνύκιος
742 1591 798 1659 καὶ
821 1595 1020 1677 Πόστουμος
1042 1595 1147 1678 Κομί-

124 1721 203 1774 νιος
227 1696 282 1764 καλ
305 1702 454 1784 Σπόριος
476 1700 624 1786 Λάρκιος
650 1698 706 1766 καὶ
729 1703 879 1776 Πόπλιος
902 1699 1066 1786 Πινάριος
1091 1697 1146 1766 καλ

125 1808 273 1882 Κόιντος
289 1809 482 1890 Σολπίκιος,
499 1807 642 1884 ἅπαντες
658 1807 823 1874 ὑπατικοί.
868 1807 915 1884 ὡς
933 1803 963 1872 δ’
986 1805 1146 1891 ἀφίκοντο
1161 1809 1183 1875 5

125 1909 184 1977 ἐπὶ
206 1913 243 1978 τὸ
272 1913 513 1998 στρατόπεδον,
539 1911 595 1978 καὶ
622 1916 709 1997 ἔγνω
736 1915 798 1998 την
825 1915 1012 1999 παρουσίαν
1035 1913 1146 1978 αὐτῶν
1161 1931 1187 1974 ιε

124 2019 145 2086 ὁ
164 2018 330 2104 Μάρκιος,
352 2021 573 2104 καθεζόμενος
595 2021 663 2104 ἅμα
680 2029 751 2098 τοϊς
768 2017 1041 2105 ἐπιφανεστάτοις
1060 2019 1148 2084 Οὐο-

125 2126 283 2192 λούσκων
304 2148 340 2190 τε
363 2123 510 2190 καὶτῶν
533 2127 645 2192 ἄλλων
669 2126 862 2212 συμμάχων,
892 2127 976 2190 ἔνθα
998 2127 1148 2190 πλεῖστοι

125 2235 277 2317 ἔμελλον·
295 2231 500 2298 ἀκούσεσθαι
527 2243 594 2298 τῶν
621 2232 830 2318 λεγομένων,
856 2229 1006 2296 ἐκέλευσε
1033 2234 1147 2296 καλείν

124 2341 207 2416 τοὺς
224 2339 360 2424 ἄνδρας.
395 2339 619 2406 εἰσελθόντων
639 2337 672 2405 δ’
697 2338 809 2406 αὐτῶν
826 2336 947 2423 ἤρξατο
965 2347 1026 2406 τοῦ
1044 2339 1147 2421 λόγου

125 2445 320 2528 Μηνύκιος,
349 2445 368 2511 ὁ
395 2449 532 2510 πλεῖστα
559 2446 642 2512 κατὰ
668 2448 729 2512 τὸν
755 2454 813 2530 τῆς
838 2444 997 2521 ὑπατείας
1022 2446 1146 2530 χρόνον
1160 2464 1188 2505 εο

126 2552 321 2628 σπουδάσας
345 2546 431 2636 ὑπὲρ
460 2551 579 2636 αὐτοῦ,
601 2550 667 2618 καὶ
694 2551 835 2637 μάλιστα
861 2561 931 2627 τοίς
958 2551 1148 2634 δημοτικοῖς

127 2657 354 2740 ἐναντιωθείς,
376 2655 433 2723 καὶ
454 2657 543 2736 ἔλεξε
566 2659 689 2725 τοιάδε.

45 2781 127 2832 1552
195 2763 320 2830 XXIII.
361 2761 435 2830 Ὅτι
471 2760 533 2848 μὲν
566 2765 607 2832 οὐ
642 2765 754 2829 δίκαια
784 2761 959 2840 πέπονθας
988 2761 1054 2828 ὑπὸ
1086 2771 1148 2828 τοῦ

127 2873 256 2957 δήμου,
282 2864 310 2934 ὦ
332 2869 482 2954 Μάρκιε,
508 2867 578 2954 μετ’
604 2871 713 2947 αίτίας
739 2871 878 2957 αἰσχρᾶς
899 2866 1089 2948 ἐξελασθεὶς
1111 2866 1148 2933 ἐκ

125 2987 188 3063 τῆς
212 2978 397 3064 πατρίδος,
418 2977 560 3054 άπαντες
588 2982 696 3061 ίσμεν·
729 2973 784 3042 καὶ
811 2972 913 3042 οὐδὲν
941 2975 1083 3060 οἰόμεθά
1109 2991 1147 3042 σε
1161 2994 1189 3036 ιι

127 3095 239 3150 ποιεῖν
266 3069 481 3168 θαυμαστόν,
511 3084 543 3147 εί
567 3086 776 3169 χαλεπαίνεις
797 3081 853 3148 καὶ
875 3082 1071 3166 ἀγανακτεῖς
1093 3079 1148 3147 ἐπὶ

126 3201 200 3270 ταῖς
217 3190 341 3276 τύχαις.
378 3191 490 3266 κοινὸς
507 3189 572 3275 γὰρ
592 3191 634 3274 δὴ
653 3197 710 3273 τῆς
728 3187 884 3255 ἁπάντων
899 3189 1032 3275 φύσεως
1050 3183 1149 3266 οὗτος

201 3389 217 3438 ’1
237 3377 444 3452 προδεδομένοι
463 3397 486 3434 ο.
504 3379 608 3435 Reiske
697 3385 714 3436 9
732 3377 816 3436 πέντε
840 3379 905 3436 αδδ.
925 3381 947 3435 Β
1037 3385 1070 3438 12
1089 3383 1149 3436 Πο-

128 3451 400 3596 ειίςεθκ
418 3449 653 3589 Μίκκα
666 3446 854 3590 ...πλαξε
870 3469 893 3508 ⁰·
912 3451 1037 3508 m*
1055 3451 1148 3509 Tim·
1278 3471 1280 3475 ·
