2586 3972
489 179 693 256 33·-

99 356 184 434 πρὸς
211 357 290 432 τοὺς
322 355 582 441 εἰσφερομένους
618 357 684 422 ὑπὸ
716 367 778 422 τοῦ
809 344 968 422 ΚασσίουΙ
994 360 1119 441 νόμους

100 461 314 540 διδάσκοντες
330 465 392 528 τὸν
411 465 530 547 δῆμον,
547 461 598 540 ὡς’
610 463 673 528 οὐκ
691 469 742 546 είη
762 464 906 545 δίκαιον,
924 463 945 528 δ
964 465 1021 529 διδ
1038 470 1119 531 πολ-

38 573 168 633 mmmm
190 567 350 652 ἐκτήσατο
368 568 534 653 πολέμων,
557 578 659 634 ταῦτα
680 571 725 653 μή
739 567 920 653 Ῥωμαίους
936 574 1118 654 νείμασθαι

97 678 234 759 μόνους,
256 675 342 740 ιἰλλδι
365 674 420 742 καὶ
443 680 611 752 Λατίνους
633 676 747 752 αὐτοῖς
770 679 954 760 ἰσομοιρεῖν
975 679 1054 754 τοὺς
1071 679 1117 761 μή

95 781 390 874 παραγενομένους
412 794 482 860 τοῖς
503 782 672 867 πολέμοις,
694 781 750 848 καί
774 785 851 860 τοὺς
873 781 993 848 νεωστί
1015 801 1117 868 προσ·
1144 813 1158 854 5

96 892 260 965 ελθύντας
281 891 365 975 πρὸς
388 891 449 974 τήν
471 893 589 974 φιλίαν
607 888 781 974 Ἕρνικας,
808 881 858 966 οἷς
880 889 1052 974 ἀγαπητὸν
1073 886 1117 974 ἦν

94 996 230 1085 πολέμῳ
257 1003 480 1083 προσαχθεῖσι
506 1001 545 1063 τὸ
572 999 617 1081 μή
644 998 707 1081 τήν
734 995 862 1062 ἑαυτῶν
890 997 1117 1083 ἀφαιρεθῆναι

94 1104 218 1188 χώραν.
265 1103 284 1169 ὁ
313 1099 351 1168 δὲ
379 1105 483 1188 δήμος
510 1103 644 1170 ἀκούων
670 1100 745 1169 τοτὲ
768 1099 829 1188 μὲν
853 1115 922 1180 τοῖς
944 1115 1012 1170 τῶν
1034 1105 1152 1189 δημ-6

12 1255 13 1258 ¹
95 1209 209 1296 ἄρχων
235 1214 453 1292 προσετύθετο
480 1214 595 1294 λόγοις
622 1209 890 1294 ἐνθυμούμενος,
918 1212 968 1277 ὅτι
997 1213 1118 1295 μικρόν

94 1340 125 1381 τι
147 1315 206 1382 καὶ
229 1317 293 1382 οὐκ
319 1316 414 1395 ἄξιον
435 1319 526 1382 ἔσται
546 1321 651 1401 λόγου
672 1319 710 1383 τὸ
731 1316 769 1382 έκ
791 1327 849 1402 τῆς
873 1318 1034 1400 δημοσίας
1056 1327 1117 1400 γῆς
1131 1347 1157 1386 ιο

96 1421 259 1508 ἐσόμενον
278 1421 405 1511 έκιίστφ
424 1423 535 1509 λάχος,
558 1425 590 1488 εί
608 1421 686 1507 μεθ’
707 1421 870 1506 Ἑρνίκων
888 1446 923 1488 τε
942 1421 997 1487 καὶ
1015 1426 1116 1488 Λατί-

94 1554 164 1595 νων
189 1530 296 1613 αύτήν
318 1532 531 1615 νεμήσονται,
558 1527 632 1595 τοτὲ
656 1526 686 1595 δ’
713 1531 779 1596 ὑπὸ
801 1540 862 1595 τοῦ
885 1533 1037 1595 Κασσίου
1060 1552 1117 1613 με-

11 1689 12 1692 ,
93 1641 267 1702 τεπείθετο
287 1638 577 1722 δημαγωγοῦντος,
595 1637 641 1714 ὡς
657 1639 890 1722 προδιδόντων
909 1637 1032 1714 αὐτούς
1047 1648 1117 1712 τοῖς

93 1747 283 1830 πατρικίοις
314 1755 383 1809 τῶν
414 1744 595 1829 δημάρχων
624 1740 680 1808 καὶ
707 1745 876 1828 πρόφασιν
904 1742 1115 1828 ποιουμένων

11 1869 12 1872 ’
94 1861 151 1934 τῆς
173 1852 352 1926 κωλύσεως
374 1849 520 1935 εὐπρεπῆ
542 1850 606 1933 τήν
627 1847 790 1932 Ἑρνίκων
817 1873 851 1915 τε
882 1848 937 1914 καὶ
960 1853 1116 1914 Λατίνων
1131 1879 1157 1918 ιε

41 1959 301 2043 ιιιῖίσομοιρίαν,
323 1955 367 2039 ἣν
390 1956 490 2032 αύτὸς
512 1958 575 2041 ἔφη
597 1959 691 2044 νύμφ
708 1960 899 2041 περιλαβεῖν
918 1957 1032 2041 ίσχύος
1049 1966 1117 2020 τῶν

94 2066 249 2148 πενήτων
281 2062 378 2128 ἕνεκα
409 2060 465 2127 καὶ
496 2069 531 2127 εῖ
557 2087 608 2140 τις
640 2062 861 2148 ἀφαιρεῖσθαί
888 2085 967 2128 ποτε
995 2061 1118 2139 αὐτοὺς

11 2199 13 2260 4
96 2169 236 2248 ἀξιώσαι
253 2171 295 2235 τδι
314 2169 461 2235 δοθέντα
479 2173 639 2252 κωλῦσαι,
656 2181 806 2254 κρεῖττον
823 2168 1009 2253 ἡγούμενος
1030 2164 1117 2234 εἶναι

11 2261 13 2368 ᾗ
97 2276 150 2342 καὶ
174 2274 424 2362 ἀσφαλέστερον
442 2287 512 2352 τοῖς
533 2281 670 2352 πολλοῖς
692 2277 792 2360 μικρδι
813 2278 976 2360 λαβοῦσιν
994 2276 1117 2360 ὁμοίως

11 2377 13 2448 ἓ
98 2386 187 2469 ἔχειν
210 2384 231 2468 ἢ
253 2383 361 2449 πολλὰ
385 2381 559 2448 ἐλπίσασιν
582 2381 738 2447 ἁπάντων
761 2381 948 2468 ἀποτυχεῖν.
1131 2413 1157 2453 20

162 2489 299 2556 LXXII.
345 2489 484 2566 Τούτοις
506 2490 548 2573 δή
570 2501 642 2566 τοῖς
664 2492 778 2572 λόγοις
798 2497 859 2555 τοῦ
878 2492 1030 2556 Κασσίου
1053 2496 1117 2555 θα-

98 2599 178 2680 μινδι
200 2599 460 2681 μεταπείθοντος
477 2594 516 2660 έν
533 2606 605 2671 ταῖς
625 2594 812 2678 ἐκκλησίαις
833 2597 892 2661 τὸν
911 2597 1012 2681 ὄχλον
1034 2617 1117 2680 παρ-

99 2705 211 2769 ελθὼν
233 2693 282 2779 εἷς
303 2712 372 2766 τῶν
395 2701 585 2786 δημάρχων,
608 2701 709 2778 Γύῖος
725 2698 928 2786 Ῥαβολήιος,
950 2701 1036 2788 ιἰνήρ
1056 2703 1117 2768 οὐκ

99 2809 229 2894 ἄφρων,
251 2808 313 2890 τήν
330 2831 366 2872 τε
385 2809 600 2893 διχοστασίαν
618 2818 686 2872 τῶν
703 2807 840 2874 ὑπάτων
857 2806 1017 2894 ὑπέσχετο
1033 2810 1117 2873 παύ-

100 2930 171 2980 σειν
195 2913 258 2980 ούκ
281 2916 328 2991 είς
350 2913 492 2999 μακράν,
514 2911 570 2978 καλ
591 2921 637 3002 τῷ
663 2915 757 3004 δήμφ
779 2918 932 2999 ποιήσειν
955 2919 1117 3001 φανερόν,
1130 2943 1156 2984 25

101 3020 119 3085 ὅ
140 3045 173 3086 τι
195 3021 258 3108 χρὴ
281 3033 400 3087 ποιεῖν.
447 3019 663 3104 ἐπισημασίας
686 3016 724 3086 δέ
747 3021 929 3106 γενομένης
948 3024 1037 3110 αὐτῷ
1061 3045 1117 3107 με-

100 3127 203 3212 γάλης
229 3125 283 3192 καὶ
311 3129 392 3211 μετὰ
419 3137 518 3193 τοῦτο
547 3137 685 3212 σιωπής·
718 3126 802 3215 Ούχὶ
828 3123 935 3214 ταῦτ’,
957 3123 1116 3214 εἶπεν,ὦ

172 3324 188 3372 3
207 3317 347 3390 πολέμων]
368 3318 464 3374 πίνων
482 3336 507 3374 ο,
527 3319 616 3376 Cobet
635 3319 701 3374 Obs.
721 3338 753 3402 p.¹
765 3325 821 3402 169·
903 3329 920 3376 4
939 3322 1047 3414 αὐτοῖς]
1066 3324 1118 3378 αύ-

103 3397 155 3444 τῶν
175 3407 197 3445 ο.
212 3392 312 3447 Portus
387 3397 421 3446 16
439 3392 656 3463 συμπεριλαβεῖν
676 3408 699 3446 ο.
718 3391 863 3462 KJesshng
923 3399 956 3448 18
974 3399 1118 3458 κωλύσεως

102 3458 147 3514 Ba
164 3465 286 3516 κωλύσαι
305 3463 381 3518 ABb
453 3468 488 3515 19
507 3461 621 3534 ὁμοίως]
641 3460 714 3533 ὅμως
730 3463 777 3517 vel
796 3465 915 3536 βεβαίως
934 3481 957 3519 0.
973 3465 1075 3522 Reiske
