2586 3972
174 193 240 259 256
598 224 631 234 -
668 195 765 246 Η-

174 379 268 440 τουν,
290 356 367 422 οὑτε
390 357 428 421 τὸ
450 357 645 441 καρτερικὸν
667 353 722 420 καὶ
745 358 956 441 ταλαίπωρον
980 353 1017 420 ἐν
1038 366 1109 433 τοῖς
1131 358 1191 421 πό

174 486 248 540 νοις
271 464 328 528 διὰ
345 466 480 528 πολλῶν
498 460 688 546 ἠσκημένον
705 461 848 545 ἀγώνων
866 460 1048 547 ἐπεκράτει·
1067 463 1108 528 τά
1127 462 1192 547 γάρ

175 569 260 634 αὐτὰ
289 567 345 634 καὶ
374 565 449 654 περὶ
481 571 560 646 τοὺς
589 572 773 653 πολεμίους
800 563 860 653 ἦν,
893 567 927 648 ἐξ
962 564 1004 635 οὗ
1032 568 1192 653 Μάρκιον

175 675 321 759 ἡγεμόνα
344 672 513 759 Ῥωμαίων
543 674 585 742 ού
616 677 675 740 τὸν
707 672 935 760 ἀφανέστατον
966 675 1192 760 στρατηλάτην

149 784 287 868 ιὲσχον·
307 779 380 846 ἀλλ’
399 780 554 866 ἀντεῖχον
573 778 724 867 ἑκάτεροι·
738 791 795 866 της
812 783 933 867 χώρας,
951 781 989 848 ἐν
1007 775 1028 868 ᾗ
1046 783 1084 847 τὸ
1103 791 1193 867 πρῶ-

142 897 237 960 3του
263 890 405 971 ἔστησαν
432 887 493 972 οὑχ
521 886 705 972 ὑφιέμενοι.
755 890 866 954 ἔπειτα
897 889 981 954 κατὰ
1012 890 1132 974 μικρὸν
1160 887 1197 954 οί

179 994 387 1061 Οὐολοῦσκοι
414 993 612 1078 ὑπεχώρουν
641 993 679 1060 ἐν
705 996 819 1082 κόσμφ
845 1016 882 1059 τε
909 992 965 1060 καὶ
987 992 1076 1073 τάξει
1098 995 1195 1079 δεχό-

178 1123 273 1185 μενοι
295 1102 373 1178 τοὺς
394 1096 584 1184 Ῥωμαίους.
629 1102 840 1186 στρατήγημα
870 1097 907 1166 δὲ
934 1094 1024 1166 τοῦτ’
1049 1096 1109 1185 ἦν,
1136 1101 1194 1166 ἵνα

178 1207 388 1273 διασπάσωσί
408 1203 436 1273 τ’
460 1207 570 1272 αὑτῶν
587 1208 646 1284 τὰς
665 1205 771 1286 τάξεις
788 1205 844 1273 καὶ
868 1205 901 1286 ἐξ
924 1205 1122 1293 ὑπερδεξιοῦ
1140 1205 1195 1290 γί-

139 1337 165 1377 ιο
177 1337 301 1380 νωυται
323 1317 457 1399 χωρίον.

244 1419 407 1486 LXXXV.
450 1420 496 1486 Οί
516 1416 547 1485 δ’
567 1419 793 1504 ὑπολαβόντες
810 1419 932 1497 αὑτούς
952 1421 1067 1505 ἄρχειν
1085 1427 1197 1504 φυγῆς

178 1529 392 1613 ἠκολούθουν
419 1527 528 1610 βάδην
551 1522 613 1611 μὲν
634 1525 771 1592 ἀπιοῦσι
797 1524 854 1592 καὶ
876 1523 972 1592 αὐτοὶ
995 1528 1059 1591 σὺν
1081 1528 1267 1615 κόσμφιιτῦ

105 1631 110 1638 ’
180 1631 348 1719 ἑπόμενοι,
370 1631 484 1716 ἐπειδη
508 1629 546 1698 δὲ
569 1633 683 1722 δρόμῳ
705 1641 897 1719 χωροῦντας
917 1630 972 1698 ἐπὶ
989 1633 1049 1697 τὸν
1067 1632 1198 1718 χάρακα

180 1739 382 1824 ἐθεάσαντο,
416 1742 530 1827 ταχείᾳ
563 1737 619 1805 καὶ
648 1738 745 1806 αὐτοὶ
774 1741 886 1819 διάξει
914 1736 970 1806 καὶ
1002 1737 1198 1828 ἀσυντάκτῳ

143 1867 168 1908 ιε
180 1847 355 1933 χρώμενοι.
405 1846 442 1912 οί
467 1843 505 1911 δὲ
533 1847 574 1930 δὴ
604 1849 791 1912 τελευταῖοί
818 1869 854 1911 τε
881 1843 936 1911 καὶ
963 1845 1199 1929 ὀπισθοφυλα-

181 1963 318 2032 κοῦντες
339 1955 434 2039 λόχοι
455 1954 595 2039 νεκρούς
616 1949 644 2018 τ’
672 1950 852 2018 ἐσκύλευον
858 2002 868 2037 ,
895 1952 940 2029 ὡς
963 1955 1199 2036 κεκρατηκότες

180 2060 245 2143 ἤδη
268 2071 336 2126 τῶν
358 2063 538 2145 πολεμίων,
560 2057 616 2125 καὶ
639 2055 691 2143 ἐφ’
716 2057 870 2145 ἁρπαγὴν
892 2066 950 2142 τῆς
971 2060 1081 2144 χώρας
1104 2056 1201 2143 ἐτρά-
1291 2089 1292 2092 “

146 2171 294 2236 2πουτο.
339 2169 506 2251 μαθόντες
528 2163 559 2232 δ
582 2165 618 2232 οί
635 2164 845 2232 Οὐολοῦσκοι
867 2162 959 2231 ταῦτ’
985 2165 1074 2231 οἵτε
1094 2162 1201 2243 δόξαν

180 2275 405 2358 παρασχόντες
426 2280 551 2358 φυγῆς,
581 2271 695 2356 ἐπειδὴ
717 2283 788 2350 τοῖς
810 2271 950 2357 ἐρύμασι
972 2280 1033 2337 τοῦ
1055 2272 1203 2358 χάρακος
1290 2285 1291 2288 ’

145 2401 170 2441 εο
184 2376 402 2465 ἐπλησίασαν,
429 2377 696 2464 ὑποστραφέντες
722 2381 878 2462 ἔστησαν,
905 2375 962 2444 καὶ
988 2377 1024 2442 ολ
1048 2383 1203 2444 καταλει-

182 2482 325 2569 φθέντες
352 2484 389 2552 ἐν
415 2495 461 2574 τῷ
488 2485 700 2575 στρατοπέδω
726 2487 784 2563 τὰς
805 2486 913 2563 πύλας
935 2483 1204 2563 ἀναπετάσαντες
1289 2469 1290 2498 ³

184 2588 365 2677 ἐξέδραμον
388 2591 510 2677 ἀθρόοι
532 2593 614 2658 κατὰ
636 2592 744 2658 πολλὰ
766 2589 863 2678 μέρη·
886 2594 1017 2674 γίνεταί
1035 2587 1063 2656 τ’
1087 2590 1204 2658 αὐτῶν

183 2700 407 2784 παλίντροπος
428 2698 449 2782 ἡ
473 2699 573 2784 μάχη·
603 2697 639 2765 οί
663 2694 724 2783 μὲν
751 2699 815 2784 γάρ
844 2697 1020 2774 διώκοντες
1043 2699 1204 2782 ἔφευγον,
1288 2725 1289 2742 ³

184 2804 220 2870 οί
245 2800 283 2869 δὲ
309 2806 490 2888 φεύγοντες
521 2803 671 2871 ἐδίωκον.
722 2806 807 2869 ἔνθα
839 2801 958 2870 πολλοὶ
988 2801 1043 2869 καὶ
1076 2802 1204 2888 ἀγαθοὶ
1287 2878 1288 2910 χ

145 2938 170 2979 ετ
178 2910 348 2995 Ῥωμαίων
374 2914 583 2996 θνήσκουσιν
611 2902 667 2976 οἷα
688 2912 777 2987 είκὸς
800 2910 991 2994 ὠθούμενοι
1012 2912 1095 2976 κατὰ
1117 2933 1204 2997 πρα-
1287 2961 1288 2968 .

183 3027 264 3095 νοῦς
295 3021 421 3103 χωρίου
457 3015 514 3083 καὶ
549 3017 614 3083 ὑπὸ
652 3021 787 3084 πολλῶν
819 3017 928 3100 ὀλίγοι
963 3015 1204 3097 κυκλωθέντες.

150 3123 314 3210 3ἀδελφδι
341 3120 379 3190 δὲ
405 3123 535 3201 τούτοις
562 3125 722 3208 ἔπασχον,
748 3123 823 3188 ὅσοι
849 3122 934 3207 πρὸς
960 3122 1065 3188 σκῦλά
1087 3144 1124 3187 τε
1146 3122 1206 3190 καὶ

257 3321 273 3370 6
292 3312 323 3370 οί
339 3315 403 3370 add.
422 3315 445 3369 B
531 3322 547 3370 9
566 3312 714 3386 γένωνται]
735 3308 920 3385 ἐπιγίνονται
938 3315 989 3367 aut
1007 3314 1207 3385 ἀγωνίσωνται

186 3401 209 3439 ο.
229 3385 350 3456 Sylburg
406 3392 439 3442 18
458 3383 488 3440 ολ
504 3390 633 3441 ολοῦσκοι
651 3387 673 3440 Β
730 3392 765 3440 25
784 3384 1018 3452 ἀποθνήσκουσιν
1036 3401 1059 3441 ο.
1079 3385 1208 3442 Βοοδλοι·

185 3455 275 3512 Ήεοο.
290 3456 351 3512 erit.
366 3475 394 3526 p.
410 3464 443 3511 15
498 3463 531 3511 27
547 3457 612 3527 περὶ
625 3459 712 3511 σκῦλα
727 3455 750 3511 Ο
770 3450 818 3511 ἒπλ
831 3455 878 3512 vel
891 3455 962 3526 πρὸς
976 3459 1063 3511 σκῦλα
1078 3457 1208 3530 Sylburg
