2674 3978
184 229 228 294 54
611 231 771 279 -Ζ-

184 389 236 479 ἐφ’
259 383 310 470 οἷς
332 393 463 458 ἔσονται
487 392 628 466 δικαίοις
651 390 689 455 αἱ
709 391 896 474 διαλλαγαί,
919 390 1029 466 δεινὸς
1052 389 1137 474 ἀνὴρ
1161 389 1203 455 τά

183 493 212 564 τ’
242 499 326 564 ἀλλα
357 495 412 562 καὶ
443 500 569 580 πόρους
596 495 707 579 εὑρεῖν
736 495 773 561 ἐν
800 494 952 579 ἀπόροις,
984 493 1202 582 προσέρχεται

184 607 286 688 μόνος
308 608 400 694 μόνφ
419 603 474 670 καὶ
493 605 688 670 ὑποτίθεται
705 602 750 686 μη
769 607 972 687 φιλονεικεῖν
991 601 1202 690 ἐγχειρήματι

184 717 299 799 θερμῷ
327 709 382 777 καὶ
408 714 590 799 παρανόμῳ
617 712 942 793 συναγωνιζόμενον,
970 709 1100 795 ὁρῶντα
1122 710 1203 786 τούς

156 836 218 882 ετε
241 821 433 903 πατρικίους
460 817 605 892 ἅπαντας
627 813 870 902 ἠρεθισμένους
890 812 947 880 καὶ
970 811 1123 900 ἑτοίμους
1145 817 1202 881 όν·

182 947 250 1007 τας,
273 925 304 988 εί
321 928 477 1006 κληθεῖεν
495 922 561 989 ὑπὸ
580 931 647 988 τῶν
665 921 812 1004 ὑπάτων,
835 919 888 986 ἐπὶ
907 922 947 986 τά
965 921 1050 986 ὅπλα
1068 933 1203 1008 χωρεῖν,

182 1040 242 1096 τοῦ
273 1024 310 1094 δὲ
341 1030 449 1112 δημου
479 1031 518 1095 τὸ
545 1029 792 1115 καρτερώτατον
820 1025 920 1112 μέρος
947 1027 1120 1106 ἐνδοιάζον
1146 1026 1203 1094 καί
1324 1011 1325 1064 ³

183 1137 244 1202 οὐκ
276 1134 450 1220 ἀγαπητῶς
480 1137 661 1220 δεχόμενον
691 1133 814 1218 ἀνδρὸς
844 1132 1106 1220 ἐπιφανεστάτου
1134 1144 1203 1200 τῶν
1324 1185 1325 1226 3

183 1241 219 1308 ἐν
242 1251 280 1328 τῇ
304 1244 399 1307 πόλει
421 1242 609 1328 παράδοσιν
632 1238 685 1306 ἐπὶ
708 1241 844 1332 θανάτφ
867 1239 923 1306 καὶ
941 1237 1031 1307 ταῦτ’
1055 1241 1202 1327 ἀκρίτου.

143 1313 404 1435 ,Ξουνεβούλευε
435 1346 466 1413 δ’
496 1347 584 1435 αὐτῷ
615 1350 688 1412 τότε
718 1343 780 1431 μὲν
810 1341 892 1426 εἶξαι
921 1345 978 1412 καὶ
1005 1350 1050 1433 μὴ
1077 1359 1201 1435 χωρεῖν

182 1455 282 1540 ὁμόσε
313 1466 383 1531 τοῖς
413 1454 566 1536 ὑπάτοις,
598 1456 643 1538 μη
676 1476 707 1518 τι
737 1457 850 1539 μεῖζον
878 1456 982 1520 κακὸν
1011 1453 1202 1541 ἐργάσηται,
1324 1473 1325 1542 j

181 1568 359 1649 προθεῖναι
390 1557 427 1625 δὲ
456 1569 501 1648 τῷ
530 1557 629 1645 ἀνδρὶ
657 1561 754 1644 δίκην
783 1560 940 1643 ὁρίσαντα
966 1563 1090 1648 χρόνον
1118 1561 1202 1626 ὅσον
1324 1551 1325 1558 ¹

183 1669 224 1750 δή
242 1691 328 1751 τινα,
351 1664 406 1732 καὶ
431 1674 544 1750 ψῆφον
568 1665 751 1732 ἀναδοῦναι
774 1678 844 1743 τοῖς
866 1670 1015 1744 πολίταις
1037 1663 1121 1753 ὑπὲρ
1141 1667 1202 1732 αὐ-

182 1784 242 1840 τοῦ
265 1773 346 1839 κατά
370 1771 493 1857 φυλάς·
523 1771 541 1836 ὁ
565 1795 596 1836 τι
620 1767 649 1835 δ’
673 1770 716 1838 ἀν
739 1773 777 1836 αί
795 1776 930 1850 πλείους
952 1781 1058 1858 ψῆφοι
1081 1779 1273 1841 πάθοι-1391

142 1901 167 1942 1⁵
181 1891 275 1966 ρῶσι,
298 1889 396 1944 τοῦτο
419 1889 541 1943 ποιεῖν·
566 1879 767 1958 τυραννικὸν
790 1873 852 1962 μὲν
875 1879 938 1964 γάρ
963 1874 1048 1944 εἶναι
1071 1881 1127 1944 καί
1149 1883 1203 1964 βί-

182 2009 269 2069 αιον,
285 1985 303 2050 ὁ
318 1995 382 2052 νῦν
396 1983 547 2070 ἐπειρᾶτο
563 1984 835 2069 διαπράττεσθαι,
849 1987 907 2051 τὸν
922 1985 1025 2051 αὐτόν
1038 1985 1202 2073 ὑπάρχειν

180 2090 236 2158 καὶ
258 2096 444 2177 κατήγορον
467 2089 521 2156 καὶ
546 2092 706 2175 δικαστὴν
728 2088 783 2156 καὶ
806 2100 866 2157 τοῦ
885 2089 1007 2179 μέτρου
1025 2101 1083 2176 τῆς
1100 2116 1203 2176 τιμω-

181 2203 254 2282 ρίας
280 2199 412 2282 κύριον·
442 2198 615 2265 πολιτικὸν
643 2193 680 2261 δέ
708 2199 746 2263 τὸ
768 2199 850 2262 κατὰ
873 2200 998 2282 νόμους
1020 2196 1203 2282 ἀπολογίας

181 2308 322 2392 τυχόντα
345 2306 404 2371 τὸν
427 2305 598 2388 ὑπαίτιον,
626 2303 644 2368 ό
667 2328 699 2370 τι
723 2302 765 2368 ἀν
788 2314 857 2380 τοῖς
879 2308 1008 2370 πλείοσι
1031 2305 1203 2384 δικασταῖς

134 2376 166 2490 ἐξ
182 2410 274 2497 δόξη,
296 2419 394 2476 τοῦτο
417 2416 549 2474 παθεῖν.
585 2412 737 2475 πείθεται
760 2411 889 2488 τούτοις
907 2410 926 2476 ὁ
945 2413 1119 2489 Σικίννιος
1139 2437 1202 2497 μη-

181 2514 239 2583 δὲν
264 2518 354 2600 ὁρῶν
375 2517 544 2600 βούλευμα
567 2527 718 2602 κρεῖττον
741 2514 797 2582 καὶ
818 2519 998 2603 παρελθὼν
1022 2520 1099 2602 ἔφη·
1131 2521 1201 2603 Τὴν

179 2621 240 2711 μὲν
269 2624 420 2707 σπουδὴν
444 2623 541 2706 ὁρᾶτε
563 2634 630 2688 τῶν
653 2627 836 2710 πατρικίων
859 2625 920 2708 την
943 2625 991 2701 είς
1013 2624 1053 2690 τά
1076 2626 1201 2709 φονικά

172 2730 234 2798 καὶ
256 2735 349 2817 βίαια
372 2733 468 2814 ἔργα,
492 2724 517 2794 ὦ
542 2730 694 2816 δημόται,
717 2731 761 2808 ὡς
784 2728 858 2807 ἑνὸς
880 2728 1003 2816 ἀνδρὸς
1026 2730 1201 2809 αὐθάδους

179 2839 261 2923 ὅλην
289 2836 485 2914 ἀδικοῦντος
507 2838 568 2921 την
591 2841 691 2904 πόλιν
712 2833 812 2921 ἦττον
835 2841 984 2903 τίθενται
1008 2837 1045 2902 τὸ
1067 2843 1199 2922 πλῆθος

131 2972 165 3016 οε
179 2947 215 3010 τὸ
238 2943 408 3030 ὑμέτερον.
454 2943 495 3010 οὐ
518 2945 584 3028 W
608 2944 745 3028 ὁμοίους
766 2940 798 3026 γ’
822 2943 934 3019 αὐτοῖς
957 2946 1112 3027 γίνεσθαι
1135 2947 1199 3031 χρὴ

250 3141 265 3190 ὑ
285 3134 380 3203 ὄντας]
401 3134 529 3198 ἅπαντας
549 3134 571 3189 Ο
590 3138 704 3204 praeter
721 3136 744 3189 Β
811 3141 827 3189 6
846 3129 914 3207 <ἐπλ
932 3134 968 3189 τδι
986 3134 1080 3206 ὁ>πλα
1098 3135 1147 3190 Bb
1167 3137 1198 3192 in

177 3224 232 3262 ras,
305 3212 397 3261 ’ίτοῖι
420 3206 452 3262 δὲ
476 3207 501 3260 A
524 3215 573 3261 τοὺ
592 3206 668 3262 τεΒ
742 3213 775 3261 14
798 3206 1011 3277 καθαιροὺοιΒ
1086 3211 1119 3261 15
1143 3207 1198 3279 γὰρ

173 3294 232 3348 ὀπι,
251 3277 275 3330 Β
332 3283 364 3330 19
383 3278 522 3333 ὑπατικὸν
541 3277 564 3331 Ο
583 3277 729 3346 ὑπόδικον,
749 3279 889 3346 ὑπαίτιον,
909 3277 1075 3332 ὑπεύθυνον
1094 3278 1142 3333 vel
1161 3281 1198 3334 si·

177 3347 245 3402 mile
264 3346 334 3417 quid
352 3347 484 3402 Gelenius
549 3355 583 3402 24
601 3353 731 3404 τάθενται
750 3349 800 3405 ΟΙ)
819 3352 931 3403 τίθεται
949 3348 975 3402 R
1034 3357 1067 3403 25
1087 3351 1121 3404 οὐ
1140 3350 1197 3420 μὴν

178 3416 341 3546 ὁμχοίουςΒγε
360 3421 455 3483 αὑτοῖς
473 3422 606 3490 γίνεσθαι
624 3419 713 3491 χρὴΒ
734 3422 766 3476 οὑ
786 3419 841 3490 W
860 3419 974 3490 ὁμοίους
991 3421 1126 3489 γίνεσθαι
1144 3421 1196 3493 χρὴ

176 3512 197 3544 α
215 3511 273 3554 τοις
