2660 3976
191 226 254 289 112
614 229 776 278 -Ζ-
905 222 908 228 ’

189 390 368 473 ποιήσομαι
395 399 456 454 τοῦ
484 391 609 475 χρόνον
636 388 698 471 τὴν
724 387 920 474 τέκμαρσιν,
951 381 997 453 ὅτ’
1026 388 1119 454 οάπω
1146 388 1210 471 τὴν
1289 376 1290 379 ¹

187 503 246 579 τῆς
267 491 427 573 Ἑλλάδος
454 491 547 581 εἰχον
568 495 750 579 ἡγεμονίαν
774 491 855 560 οὐδὲ
882 495 989 578 ἀλλην
1011 496 1209 559 διαπόντιον

189 602 351 687 οὐδεμίαν
370 602 488 690 ἀρχήν,
507 605 638 691 Κοίντῳ
655 605 771 691 Φαβίῳ
790 604 954 686 βεβαιωτῇ
969 602 1137 686 χρώμενος
1152 598 1209 665 καὶ

189 709 347 794 οὐδεμιᾶς
378 713 426 775 ἔτι
459 711 617 794 δεόμενος
652 710 792 783 πίστεως
824 703 950 792 ἐτέρας·
988 709 1210 784 παλαιότατος

162 816 252 901 ογάρ
276 814 360 901 ἀνὴρ
384 825 451 880 τῶν
474 816 514 879 τά
531 812 694 899 Ῥωμαϊκά
718 810 990 896 συνταξαμένων,
1016 813 1072 877 καί
1094 816 1209 878 πίστιν

189 921 251 986 οὐκ
274 921 307 999 ἐξ
331 915 380 986 ὧν
402 923 524 1004 ἤκουσε
547 924 665 1006 μόνον,
688 916 846 986 ἀλλὰκαὶ
869 917 903 997 ἐξ
927 912 975 984 ὧν
997 917 1098 996 αὐτὸς
1120 921 1207 1004 ἔγνω

188 1029 420 1112 παρεχόμενος.

154 1137 175 1199 2
261 1134 393 1216 Ταύτην
412 1133 455 1216 δη
473 1133 534 1216 την
553 1128 673 1218 έορτην
691 1130 876 1216 ἐψηφίσατο
895 1127 957 1215 μέν
975 1130 996 1214 ἡ
1015 1130 1121 1216 βουλὴ
1140 1141 1208 1195 τῶν

184 1235 355 1322 Ῥωμαίων
373 1239 479 1322 ἀγειν,
504 1237 549 1314 ὡς
565 1236 620 1303 καὶ
638 1240 802 1323 πρότερον
821 1239 917 1323 ἔφην,
937 1238 1020 1303 κατά
1038 1237 1097 1314 τὰς
1114 1260 1210 1320 γενο-

149 1365 176 1406 ιο
189 1331 290 1429 μένας
318 1343 416 1429 εὐχάς
448 1342 514 1409 ἀπὸ
546 1353 606 1409 τοῦ
639 1342 831 1429 δικτάτορος
858 1343 976 1408 Αὔλου
1003 1347 1210 1427 Ποστομίου,
1321 1344 1326 1361 “

189 1445 237 1514 ὅτ’
261 1453 398 1535 ἔμελλεν
421 1447 640 1533 ἀγωνίζεσθαι
662 1451 747 1534 πρὸς
768 1449 826 1525 τὰς
846 1448 1034 1525 ἀποστάσας
1051 1453 1262 1516 Λατίνωνιιε
1327 1457 1328 1460 ’

188 1557 302 1634 πόλεις
320 1556 475 1639 κατάγειν
489 1555 717 1641 ἐπιχειρούσας
735 1556 923 1640 Ταρκύνιον
938 1553 991 1620 ἐπὶ
1008 1556 1070 1639 τὴν
1089 1554 1208 1641 ἀρχήν·

72 1713 77 1722 .
189 1660 400 1728 ἀναλοῦσθαι
424 1659 455 1727 δ’
481 1660 572 1740 ἐταξε
594 1657 672 1727 καθ’
695 1655 834 1726 ἕκαστον
856 1659 1011 1727 ἐνιαυτὸν
1034 1667 1081 1738 είς
1099 1685 1134 1726 τε
1151 1663 1210 1740 τάς

188 1769 313 1846 θυσίας
339 1765 500 1845 καὶτοὺς
527 1766 657 1851 ἀγῶνας
685 1765 848 1852 ἀργυρίου
871 1771 1089 1845 πεντακοσίας
1111 1776 1208 1852 μνᾶς·

150 1895 176 1936 ιε
190 1872 244 1940 καὶ
268 1871 363 1960 μέχρι
387 1883 447 1940 τοῦ
468 1877 665 1939 Φοινικικοῦ
687 1875 835 1957 πολέμου
853 1870 945 1939 ταῦτ’
966 1871 1141 1939 ἐδαπάνων
1162 1876 1210 1952 είς

155 1982 251 2065 3την
275 1978 403 2067 ἑορτήν.
448 1978 485 2044 ἐν
509 1976 547 2045 δὲ
568 1989 640 2056 ταῖς
663 1980 767 2064 ίεραλς
788 1977 925 2064 ἡμέραις
945 1980 1080 2057 ταάιαις
1101 1981 1209 2046 πολλὰ

190 2082 251 2171 μὲν
274 2085 329 2151 καὶ
348 2087 432 2151 ἀλλα
451 2083 578 2168 ἐγίνετο
596 2087 712 2168 νόμοις
725 2081 932 2167 Ἑλληνικοῖς
949 2084 1033 2150 κατά
1050 2107 1085 2150 τε
1103 2105 1209 2170 πανη-

190 2194 375 2276 γυρισμοὺς
396 2189 452 2255 καὶ
475 2188 580 2268 ξένων
602 2191 769 2277 ὑποδοχάς
791 2189 847 2256 καὶ
870 2189 1059 2277 ἐκεχειρίας,
1082 2191 1103 2256 ἀ
1121 2195 1208 2258 πολὺ

190 2294 233 2360 ἀν
256 2298 355 2381 ἔργον
374 2302 426 2380 εἴη
450 2293 571 2380 λέγειν,
592 2298 632 2362 τά
651 2293 689 2362 δὲ
706 2294 782 2384 περὶ
800 2299 935 2382 πομπήν
954 2319 989 2362 τε
1007 2296 1064 2363 καὶ
1081 2302 1208 2364 θυσίαν

151 2399 246 2466 ιοκαδ
269 2403 309 2466 ιδ
331 2403 413 2467 κατά
435 2405 513 2480 τοὺς
536 2402 679 2486 ἀγῶνας·
703 2401 830 2489 ἀπόχρη
854 2404 919 2490 γάρ
943 2402 979 2469 ἐκ
1001 2405 1131 2470 τούτων
1153 2402 1209 2470 καὶ

191 2508 232 2572 ιδ
255 2507 299 2590 μη
323 2506 484 2593 λεχθέντα
507 2509 678 2588 ἐξετάζειν·
701 2510 824 2575 τοιάδε.

257 2612 392 2678 LXXII.
416 2613 508 2697 Πρὶν
521 2615 686 2699 ἄρξασθαι
700 2625 767 2681 τῶν
781 2614 934 2700 ἀγώνων,
950 2618 1085 2701 πομπὴν
1099 2617 1210 2683 ἔστελ-

101 2717 102 2722 ’
192 2724 253 2785 λον
274 2729 344 2797 τοῖς
365 2725 459 2799 θεολς
480 2723 516 2788 οί
535 2723 596 2806 τὴν
619 2725 778 2806 μεγίστην
801 2725 931 2808 ἔχοντες
954 2721 1120 2806 ἐξουσίαν,
1142 2721 1208 2789 ἀπὸ

190 2833 251 2892 τοῦ
280 2828 494 2893 Καπιτωλίου
521 2848 556 2893 τε
583 2825 640 2893 καὶ
670 2826 714 2893 δι’
749 2827 873 2915 ἀγοράς
901 2829 1039 2913 ἄγοντες
1067 2827 1120 2895 ἐπὶ
1149 2831 1210 2895 τὸν

151 2954 177 2995 ετ
191 2929 295 3016 μέγαν
325 2933 540 3020 ίππόδρομον.
590 2933 734 3017 ἡγοῦντο
767 2930 805 2999 δέ
835 2944 894 3019 της
919 2943 1050 3019 πομπῆς
1076 2947 1211 3022 πρῶτον

263 3121 405 3193 ῦδάνὴρ
424 3124 450 3177 A
468 3123 540 3195 ἀνὴρ
559 3125 582 3178 Β
601 3124 674 3196 ἀνὴρ
693 3143 716 3181 ο.
735 3125 880 3196 Kiessling
961 3133 994 3182 13
1014 3129 1054 3190 είς
1072 3128 1114 3200 τε]
1135 3129 1167 3182 εἶ
1179 3147 1210 3184 τε

190 3228 215 3282 Α
289 3234 321 3283 15
341 3216 473 3298 φοινίίου
492 3231 523 3284 A¹
586 3239 618 3288 17
632 3231 922 3306 πανηγυριασμοδςΒ
988 3239 1021 3290 18
1037 3227 1211 3306 ἐκκεχειρίας

190 3333 212 3386 Β
230 3336 233 3404 λ
249 3335 320 3388 πολὺ
340 3331 422 3460 ἔχγον
441 3335 478 3390 ἀν
498 3339 541 3406 είη
562 3336 584 3391 0
604 3342 717 3407 praeter
737 3341 757 3393 B
819 3346 854 3395 20
873 3339 923 3395 καλ
936 3323 995 3394 κάἀ
1012 3341 1078 3404 τοῦς
1095 3340 1121 3394 Α
1176 3347 1211 3396 22

190 3405 259 3475 πρὶν
277 3404 331 3475 γὰρ
461 3413 495 3462 23
516 3404 658 3481 ἐξουσίαν]
680 3411 780 3465 οὐσίαν
804 3427 827 3466 ο.
846 3411 1005 3467 Mommsen
1023 3413 1058 3467 de
1077 3411 1212 3468 tribubus

190 3496 217 3546 p.
233 3483 266 3532 66
340 3483 375 3532 24
393 3485 442 3531 τοῦ
461 3483 578 3533 Καπιτω
598 3480 627 3534 in
644 3499 699 3536 ras,
718 3481 766 3536 Bb
