2656 3974
602 211 769 263 -Θ-

2 426 6 433 .
45 422 61 458 ·.
84 416 94 426 -
174 396 226 450 τις
244 371 309 438 ἀπὸ
328 381 385 456 τῆς
401 373 559 438 Αἰκανῶν
579 380 733 456 στρατιάς
750 374 966 456 παρελθοῦσα
984 368 1061 436 καθ’
1081 369 1193 460 ἑτέρας

176 480 279 556 ὁδοὺς
300 477 537 564 [ἀφυλάκτους]
563 476 719 562 ἐνέβαλεν
742 479 790 554 είς
812 479 873 562 τὴν
887 475 1055 561 Ῥωμαίων
1074 487 1149 563 γῆν,
1171 478 1192 562 ἣ

53 637 69 651 ,
175 590 333 652 πλεῖστον
361 584 551 670 ἀφειστήκει
579 594 636 669 τῆς
665 584 791 669 ὁμόρου
818 581 873 648 καὶ
901 584 958 648 διά
986 580 1076 650 τοῦτ’
1108 583 1192 669 ἀφύ-

45 747 70 759 -
176 698 295 768 λακτος
324 685 381 775 ἦν·
411 688 445 768 ἐξ
475 685 515 774 ἧς
542 689 742 777 ἀνθρώπους
768 713 803 760 τε
830 691 975 766 πολλοὺς
1003 692 1193 777 συνήρπασε

12 863 24 874 ,
66 850 85 886 ⁶.
175 795 232 864 καὶ
254 799 419 883 χρήματα,
445 796 598 862 λαθοῦσά
620 820 655 862 τε
677 799 756 874 τοὺς
779 799 843 863 σὺν
865 805 911 884 τῷ
934 799 1080 886 Κοιντίῳ
1102 818 1193 883 περι-
1221 820 1235 861 ε

37 988 48 996 ·
175 907 301 981 πόλους
318 913 379 989 τῆς
395 902 554 989 σφετέρας
572 913 632 988 γῆς
651 903 804 988 ἀπῆλθεν
823 903 876 970 ε’πλ
889 904 930 970 τά
944 906 1057 969 οίκεῖα.
1094 911 1192 991 τοῦτο

54 991 70 1000 ’¹
176 1021 324 1096 συνεχῶς
352 1008 479 1093 ἐγίνετο
509 1008 564 1076 καὶ
593 1013 721 1094 πολλὴν
750 1022 906 1097 παρεῖχεν
934 1012 1097 1096 αἰσχύνην
1123 1021 1194 1088 τοῖς

175 1116 322 1194 ὑπάτοις.
359 1119 469 1182 ἔπειτα
492 1118 612 1201 μαθὼν
635 1118 691 1182 διά
713 1120 931 1183 κατασκόπων
949 1141 983 1182 τε
1002 1115 1056 1182 καὶ
1075 1118 1227 1202 αίχμα-5

176 1224 292 1288 λώτων
322 1223 340 1290 6
373 1224 499 1308 Φάβιος
529 1221 771 1305 ἐξεληλυθυῖαν
800 1220 836 1286 έκ
866 1230 925 1286 τοῦ
954 1222 1097 1309 χάρακος
1125 1235 1193 1288 τῶν

14 1322 30 1334 ’
175 1332 334 1396 Αἰκανῶν
366 1331 428 1414 τὴν
459 1333 638 1416 κρατίστην
671 1329 831 1412 δύναμιν,
864 1326 901 1392 έν
930 1336 969 1412 τῇ
999 1331 1191 1414 παρεμβολῇ
1207 1355 1234 1394 10

61 1420 68 1430 ¹
175 1437 365 1503 καταλιπὼν
398 1439 476 1512 τοὺς
506 1434 754 1522 πρεσβυτάτους
785 1434 884 1511 αὐτὸς
913 1426 1032 1518 ἐξῆλθε
1061 1435 1192 1520 νύκτωρ

177 1542 303 1610 ίππέων
327 1540 529 1627 ἐπαγόμενος
551 1539 606 1608 καὶ
628 1549 689 1607 τοῦ
711 1543 810 1620 πεζοῦ
833 1541 870 1606 τὸ
894 1539 1123 1625 ἀκμαιότατον.
1161 1541 1196 1606 ολ

6 1735 18 1742 ἡ
176 1645 299 1734 μὲν
261 1674 323 1716 ουν
344 1647 486 1716 Αἰκανοὶ
510 1651 725 1734 διηρπακότες
747 1649 787 1712 τά
809 1649 999 1735 χωρία,ος
969 1639 1192 1778 {36666063

26 1751 325 1848 εοεεάπῄεσαν
349 1754 547 1839 ἐπαγόμενοι
569 1756 694 1832 πολλάς
717 1755 886 1840 ὠφελείας,
910 1754 928 1821 6
949 1749 986 1819 6
1006 1754 1133 1838 Φάβιος
1151 1754 1192 1818 οὐ

176 1861 263 1923 πολὺ
286 1867 511 1946 προελθοῦσιν
535 1860 647 1938 αὐτοῖς
668 1857 886 1946 ἐπιφαίνεται
893 1859 947 1926 καὶ
966 1861 1027 1943 τήν
1044 1882 1080 1925 τε
1099 1863 1152 1925 λεί
1150 1884 1192 1925 αν
1208 1883 1234 1924 15

178 1963 366 2050 ἀφαιρειται
393 1965 447 2035 καὶ
475 1967 562 2054 μάχη
590 1971 668 2044 τοὺς
690 1968 933 2052 ὑπομείναντας
955 1973 1032 2053 νικᾷ
1055 1965 1191 2050 γενομέ-

53 2070 61 2078 ’
177 2093 259 2147 νους
281 2071 406 2158 ἀνδρας
429 2073 590 2156 ἀγαθούς·
615 2075 650 2140 οί
671 2069 708 2139 δέ
726 2071 838 2138 λοιποὶ
857 2071 1022 2158 σποράδες
1040 2070 1192 2161 ἐμπειρία

177 2177 267 2244 ὁδῶν
290 2181 451 2255 λαθόντες
473 2181 551 2255 τοὺς
574 2181 755 2256 διώκοντας
777 2176 965 2262 κατέφυγον
989 2180 1035 2256 είς
1057 2180 1116 2244 τὸν
1134 2179 1192 2265 χά-

177 2308 270 2370 ρακα.
322 2281 391 2350 ἐπεὶ
422 2279 458 2348 δὲ
488 2285 589 2370 ταύτη
620 2284 895 2371 ἀνεκρούσθησαν
922 2286 958 2350 οί
982 2283 1124 2352 Αίκανολ
1151 2295 1227 2377 τῇό

177 2399 335 2477 συμφορᾷ
363 2391 451 2476 παρά
482 2389 583 2468 δόξαν
613 2394 707 2476 σφίσι
737 2394 915 2476 γενομένη,
944 2392 1103 2469 λύσαντες
1130 2394 1191 2475 την
1205 2417 1233 2457 ω

175 2497 390 2581 παρεμβολὴν
416 2496 482 2564 ὑπὸ
509 2497 613 2562 νύκτα
640 2495 767 2586 ᾤχοντο
795 2494 850 2562 καὶ
878 2496 987 2562 οὐκέτι
1012 2501 1049 2564 τὸ
1074 2501 1191 2564 λοιπὸν

177 2599 314 2688 ἐξῄεσαν
341 2601 378 2668 έκ
402 2611 459 2688 τῆς
485 2606 625 2680 πόλεως·
658 2599 730 2669 ἀλλ’
757 2603 928 2689 ἀνείχοντο
956 2606 1049 2669 σῖτόν
1077 2627 1128 2687 τε,
1156 2603 1192 2682 ὃς

176 2706 213 2772 έν
242 2708 328 2794 ἀκμῇ
355 2712 428 2775 τότε
456 2705 515 2793 ἦν,
542 2713 824 2795 συγκομιζόμενον
846 2710 911 2774 ὑπὸ
934 2719 1002 2774 τῶν
1023 2713 1191 2794 πολεμίων

178 2812 232 2880 καὶ
256 2813 374 2898 ἀγέλας
396 2815 615 2900 βοσκημάτων
638 2813 906 2900 ἀπελαυνομένας
929 2815 1087 2901 ὁρωντες,
1112 2819 1190 2902 χρή-

176 2920 263 3004 ματά
290 2944 325 2986 τε
353 2922 455 3006 διαρπ
495 2925 596 3007 όμενα
623 2919 678 2988 καὶ
706 2922 809 2998 αὐλάς
831 2918 911 3009 πυρὶ
936 2919 1113 3006 διδομένας
1135 2920 1189 2988 καὶ
1205 2945 1231 2986 25

176 3028 405 3111 αίχμαλάτους
422 3023 476 3092 π]
466 3031 566 3113 λοὺς
584 3027 777 3113 ἀγομένους.
809 3036 908 3094 τοῦτο
928 3025 1191 3113 διαπραξάμενος

249 3189 263 3237 1
288 3203 354 3245 τις.
371 3184 453 3239 ,ἀπὸ
474 3183 497 3236 Β
587 3191 603 3238 2
627 3185 814 3275 *ἀφύλακτος
837 3183 920 3246 ὁδούς
942 3183 989 3237 Ba
1012 3183 1191 3252 ἀφυλάκτους

176 3251 261 3316 ὁδούς
278 3254 325 3308 Bb
350 3228 433 3317 ὁδούς
451 3255 630 3324 ἀφυλάκτους
648 3255 673 3308 R
696 3254 875 3324 ἀφυλάκτους
893 3271 1003 3324 vocem,
1025 3271 1098 3324 quae
1116 3257 1190 3311 male

174 3324 297 3394 repetita
316 3328 391 3380 esset
409 3341 424 3380 ε
442 3333 573 3395 versu4,
597 3325 689 3381 delevi
761 3334 795 3382 10
818 3329 968 3397 κρατίστην
988 3343 1041 3382 om
1061 3327 1083 3380 B
1157 3333 1188 3381 11

174 3395 262 3450 verba
284 3396 350 3449 inde
375 3397 411 3450 ab
435 3398 518 3460 αὐτὸς
540 3413 629 3466 usque
652 3398 689 3452 ad
712 3398 761 3452 καὶ
784 3415 838 3453 om
858 3399 905 3452 Βα
928 3397 993 3451 add
1012 3396 1060 3452 Bb
1156 3404 1190 3454 15

174 3461 288 3538 <όπιφα
290 3466 400 3542 ίνειαι>
420 3465 499 3523 Bb'
486 3467 650 3539 επιφέρεται
669 3469 769 3525 Garrer
788 3470 853 3526 Obs
872 3489 900 3541 p.
916 3474 949 3524 60

228 3566 328 3608 monus
344 3567 409 3608 HAn.
424 3568 468 3609 111.
492 3579 532 3610 πο.
546 3569 649 3612 δεοοευ,
996 3563 1030 3613 25
