2674 3978
565 211 727 262 -z-
1109 208 1152 274 ιε

134 371 212 446 τοὺς
233 371 359 447 ἄλλους
381 368 509 454 ἐνῆγεν.
544 363 588 452 ῆν
607 364 645 434 δὲ
662 367 738 455 περὶ
757 368 859 436 αὐτὸν
878 367 1004 456 ἑταιρία
1026 371 1151 457 μεγάλη

134 475 220 542 νέων
248 476 413 560 εὐγενῶν,
440 467 491 553 οἷς
516 469 561 559 ῆν
582 475 623 540 τὰ
646 473 782 560 μέγιστα
804 477 968 560 τιμήματα
989 480 1074 561 βίαν
1095 476 1151 542 καλ

134 583 271 648 πελάται
295 580 413 668 συχνοὶ
435 584 672 665 συνεστηκότες
690 577 743 646 ἐπὶ
761 593 832 660 ταῖς
855 579 892 648 ἐκ
911 593 979 647 τῶν
997 581 1151 667 πολέμου

135 689 321 774 ὠφελείαις·
344 680 395 766 οἷς
417 687 634 774 ἐπαιρόμενος
653 687 851 774 ἐφρυάττετο
870 686 926 754 καλ
944 691 1091 774 λαμπρὸς
1108 684 1151 773 ῆν

134 792 188 860 καὶ
202 801 375 882 προῆλθεν
390 792 442 862 ἐπὶ
457 796 617 880 μήκιστον
630 794 831 880 ἐπιφανείας.
856 796 898 862 οὐ
911 796 978 880 μην
992 795 1151 881 εὐτυχοῦς
1163 775 1188 889 ‘¹⁶

134 924 171 984 γε
202 901 259 966 διὰ
290 911 394 967 ταῦτα
425 911 653 987 καταστροφῆς
684 903 795 987 ἔτυχε·
830 905 1055 987 συναχθείσης
1086 903 1150 986 γάρ

133 1003 217 1094 ὑπὲρ
245 1009 375 1073 τούτων
401 1011 525 1092 βουλῆς
551 1005 606 1074 καὶ
633 1017 701 1073 τῶν
723 1005 973 1095 πρεσβυτέρων,
1001 1009 1046 1086 ὡς
1072 1010 1151 1084 ἔθος

131 1108 175 1198 ῆν
201 1113 333 1197 αὐτοῖς,
363 1115 503 1200 πρώταν
535 1112 801 1199 ἀποφηναμένων
833 1115 890 1190 τάς
923 1112 1050 1180 ἑαυτῶν
1079 1116 1150 1180 δια-

131 1223 243 1303 νοίας,
270 1218 308 1285 έν
335 1211 386 1296 οἷς
413 1219 455 1284 οὐ
481 1223 604 1285 πολλοί
626 1243 713 1296 τινες
741 1214 828 1303 ἦσαν
852 1219 887 1286 οἱ
906 1221 964 1296 τάς
985 1222 1067 1286 κατὰ
1089 1231 1150 1287 τοῦ

134 1328 244 1411 δῆμον
266 1325 399 1410 γνώμας
421 1325 577 1411 ἄντικρυς
596 1324 848 1412 ἀγορεύσαντες,
870 1323 982 1411 ἐπειδη
1001 1333 1148 1410 καθῆκεν
1163 1344 1190 1384 1⁰
1255 1315 1258 1322 ’

71 1434 180 1510 ιεεεείς
196 1434 277 1508 τοὺς
290 1429 471 1517 νεωτέρους
488 1431 508 1497 ὁ
527 1434 636 1516 λόγος,
659 1431 877 1516 αἰτησάμενος
891 1430 1045 1510 ἐξουσίαν
1060 1433 1149 1517 παρὰ

132 1550 199 1604 τῶν
222 1537 357 1603 ὑπάταν
381 1540 486 1604 εἰπεῖν
509 1536 571 1602 ὅσα
593 1539 760 1622 βούλεται,
783 1535 838 1602 καλ
860 1539 971 1622 τυχὼν
990 1536 1147 1622 ἐπισημα-

132 1649 206 1722 σίας
237 1667 273 1710 τε
300 1644 443 1728 μεγάλης
469 1642 524 1709 καὶ
555 1652 722 1730 προσοχῆς
754 1647 858 1728 λόγον
885 1642 1039 1728 διεξῆλθε
1067 1646 1149 1710 κατά

132 1760 192 1818 τοῦ
216 1752 325 1834 δῆμον
347 1751 489 1815 τοιόνδε.

198 1856 303 1922 XXII.
335 1853 404 1920 ’Ότι
430 1852 491 1940 μὲν
518 1854 581 1941 οὐχ
607 1851 663 1922 ὑπ’
689 1854 835 1941 ἀνάγκης
863 1880 898 1922 τε
925 1855 981 1922 καὶ
1008 1855 1148 1943 ἀπορίας
1162 1871 1188 1912 1⁶

132 1960 285 2048 βιασθεὶς
304 1964 322 2030 ὁ
342 1963 445 2048 δῆμος
463 1961 640 2046 ἐποιήσατο
658 1962 721 2046 τῆν
738 1961 932 2047 ἀπόστασιν,
955 1958 981 2028 ὦ
1000 1960 1148 2049 πατέρες,

132 2069 214 2136 ἀλλά
237 2077 370 2156 πονηρᾷ
395 2068 504 2134 έλπίόι
527 2065 684 2153 ἐπαρθεὶς
705 2069 750 2146 ὡς
772 2070 968 2135 καταλύσων
990 2071 1052 2154 τῆν
1075 2068 1147 2154 άρι-
1229 2127 1230 2134 ,

133 2179 329 2264 στοκρατίαν
351 2175 447 2260 ὑμῶν
465 2172 520 2240 καὶ
542 2175 677 2241 πάντων
696 2175 794 2252 αὐτὸς
813 2175 970 2260 ἐσόμενος
992 2187 1061 2240 τῶν
1078 2198 1148 2240 κοι-

130 2295 199 2349 νῶν
226 2283 358 2368 κύριος,
385 2283 505 2367 σχεδὸν
533 2275 625 2365 οἶμαι
651 2281 776 2358 πάντας
801 2281 888 2366 ὑμᾶς
909 2277 1084 2367 ᾐσθῆσθαι
1107 2281 1147 2346 τά

130 2385 205 2475 περὶ
228 2387 287 2464 τάς
309 2387 489 2469 διαλλαγὰς
511 2385 615 2453 αὐτοῦ
641 2388 907 2472 πλεονεκτήματα
930 2387 1090 2474 ὁρῶντας·
1119 2379 1187 2476 5520

130 2491 159 2578 γ’
187 2494 251 2560 οὐκ
274 2491 437 2580 ἀπέχρησε
460 2492 694 2577 διαφθείραντι
716 2494 777 2576 τῆν
797 2491 936 2579 περὶτὰ
960 2495 1146 2578 συμβόλαια

130 2603 242 2666 πίστιν
265 2597 319 2664 καὶ
346 2601 425 2675 τοὺς
452 2595 505 2664 ἐπὶ
528 2599 629 2684 ταύτῃ
651 2596 823 2682 κειμένους
846 2597 999 2665 άνελόντι
1022 2603 1148 2683 νόμους

132 2702 240 2790 μηθὲν
254 2706 335 2771 άλλο
354 2710 657 2791 πολυπραγμονεῖν,
676 2706 795 2789 καινὴν
811 2702 847 2771 δὲ
861 2705 1147 2789 καταστησάμενος

131 2810 237 2897 ἀρχὴν
264 2807 318 2877 ἐπὶ
344 2820 390 2900 τῷ
422 2816 579 2877 καθελεῖν
605 2812 667 2896 τῆν
698 2822 766 2876 τῶν
796 2810 932 2876 ὑπάτων
968 2810 1060 2896 ἱερὰν
1091 2806 1146 2874 καὶ

131 2918 258 2982 άσυλον
271 2915 426 3001 ἐποίησεν
440 2917 544 3001 αὐτην
557 2919 663 3006 νόμῳ,
681 2914 736 2982 καὶ
753 2924 819 2982 νῦν
832 2915 1035 3001 τυραννικὴν
1055 2913 1145 2993 ἐξου-
1159 2927 1187 2969 ²⁶

132 3027 208 3089 σίαν
230 3025 524 3108 περιβαλλόμενος,
553 3017 578 3088 ὦ
601 3025 724 3108 βουλή,
747 3032 791 3110 τῷ
815 3020 935 3089 νεωστὶ
957 3020 1146 3107 κυρωθέντι
1313 3105 1314 3116 ἢ

72 3132 223 3220 ιεεανόμφ
247 3127 390 3215 λέληθεν
410 3128 506 3213 ὑμᾶς.
543 3129 623 3196 ὅταν
646 3131 708 3216 γάρ
729 3126 778 3195 ἐπ’
802 3128 952 3208 ἐξουσίας
968 3134 1093 3214 πολλῆς
1110 3130 1147 3196 ολ
1158 3131 1179 3195 2

30 3311 35 3322 ’
98 3339 102 3348 ·
202 3327 218 3374 3
238 3320 343 3390 συχνοὶ.
363 3320 386 3372 Β
404 3336 460 3372 una
479 3319 535 3375 litt.
554 3336 636 3375 erasa
690 3328 705 3376 8
724 3321 842 3390 πρώτων
860 3322 883 3374 Β
901 3329 1014 3389 πρῶτον
1031 3321 1057 3374 Β
1111 3325 1143 3374 12

132 3386 295 3462 ἐπισημείας
314 3392 338 3443 Α
356 3385 540 3459 ἐπισημασίας
560 3392 580 3444 Β
598 3390 715 3461 ἡσυχίας
734 3392 754 3446 0
826 3397 860 3445 23
878 3391 982 3461 καινὴν
1001 3392 1025 3445 Β
1043 3389 1143 3460 κοινὴν

131 3462 156 3516 Β
227 3468 262 3517 26
281 3461 516 3534 περιβαλλόμενος
532 3461 581 3517 ΒΟ
600 3461 819 3535 περιβαλόμενος
837 3461 863 3515 Β

947 3550 983 3603 3*
