2656 3974
580 181 747 234 ,Θ-

153 342 283 424 πολλὴν
310 340 481 411 εὐπέτειαν
504 377 546 388 -
570 341 606 406 οί
630 343 694 427 γάρ
721 341 857 426 πένητες
883 342 1032 422 ἐξέλιπον
1055 348 1092 412 τὸ
1115 369 1171 413 πε-

155 451 243 534 δίον,
263 445 377 532 ἐπειδὴ
396 449 455 513 τὸν
474 448 581 533 ἀνδρα
598 449 696 513 τόνδε
715 447 947 533 ὀνομασθέντα
965 453 1113 534 ἥκουσαν
1128 491 1169 500 —-

154 553 452 641 παραλαμβάνουσι
479 555 541 638 τὴν
567 553 727 621 ὑπατείαν
759 559 855 634 Τίτος
882 559 1038 635 Κοίντιος
1064 562 1171 624 Καπι-

153 667 296 738 τωλῖνος
317 658 373 726 καὶ
387 659 528 737 ’Ἄττιος
551 661 719 739 Κλαύδιος
741 666 907 748 Σαβῖνος,
930 665 1006 730 οὔτε
1028 666 1086 742 τάς
1108 667 1171 752 φύ-

155 785 224 845 σεις
247 768 324 834 ούτε
344 769 403 847 τάς
420 764 628 854 προαιρέσεις
647 771 776 854 ἔχοντες
794 769 918 854 ὁμοίας.
952 767 1091 837 Ἀππίου
1109 761 1211 875 μδν25

155 876 219 960 γάρ
247 869 291 958 ἧν
318 876 432 959 γνώμη
461 881 624 959 περισπᾶν
651 873 728 961 περὶ
753 877 812 954 τάς
834 875 896 956 ἔξω
920 882 1090 964 στρατείας
1111 881 1172 945 τὸν

155 981 261 1068 ἀργὸν
292 978 347 1046 καὶ
379 978 502 1064 πένητα
530 981 655 1065 δῆμον,
688 982 744 1046 ἵνα
773 993 841 1048 τῶν
870 1007 905 1050 τε
935 982 1014 1050 καθ’
1045 985 1171 1073 ἡμέραν

156 1087 347 1172 ἀναγκαίων
365 1085 402 1152 έκ
419 1095 479 1172 τῆς
495 1091 653 1172 πολεμίας
670 1087 823 1175 εὐπορῶν
840 1101 910 1168 τοῖς
928 1092 1032 1159 αὑτοῦ
1044 1096 1172 1178 πόνοις,

156 1189 205 1260 ὧν
233 1193 270 1260 ἐν
296 1197 391 1282 χρεία
418 1194 559 1278 μάλιστα
585 1194 727 1279 ὑπῆρχε,
754 1192 810 1260 καὶ
833 1196 874 1260 τά
898 1197 1110 1285 συμφέροντα
1132 1208 1171 1285 τῇ

155 1304 251 1366 πόλει
279 1303 574 1388 διαπραττόμενος,
600 1300 717 1382 ἥκιστα
744 1312 814 1377 τοῖς
841 1299 878 1367 έκ
904 1312 964 1368 τοῦ
992 1307 1173 1391 συνεδρίου
1187 1333 1213 1372 ιο

88 1425 90 1429 ·
158 1410 324 1474 διοικοῦσι
346 1408 386 1472 τδι
408 1408 505 1474 κοινά
528 1407 695 1491 δυσμενής
717 1429 752 1472 τε
774 1404 829 1472 καὶ
852 1411 993 1493 χαλεπὸς
1015 1403 1051 1496 ᾖ·
1076 1409 1173 1476 πολέ-

156 1538 223 1600 μου
253 1510 292 1579 δέ
320 1523 430 1579 πάσαν
458 1515 594 1578 ἔσεσθαι
623 1515 793 1599 πρόφασιν
820 1513 962 1598 εὔλογον
989 1513 1173 1601 ἀπέφαινεν

95 1661 100 1668 -
157 1621 337 1707 ἡγεμονίας
364 1619 624 1706 ἀντιποιουμένῃ
653 1622 748 1686 πόλει
775 1619 830 1686 καὶ
857 1621 922 1689 ὑπὸ
945 1622 1081 1688 πάντων
1104 1622 1173 1688 έπι-

159 1725 398 1813 φθονουμένῃ,
421 1727 503 1792 κατά
525 1749 560 1791 τε
583 1727 621 1791 τὸ
644 1728 733 1803 είκὸς
755 1737 825 1805 τοῖς
846 1731 1023 1812 γεγονόσιν
1045 1731 1110 1815 ἤδη
1132 1731 1173 1795 τά

157 1833 320 1920 μέλλοντα
343 1833 483 1912 εἰκάζειν
505 1830 612 1917 ἠξίου,
635 1831 879 1919 ἐπιλεγόμενος,
901 1835 977 1901 ὅσαι
999 1837 1063 1919 ἤδη
1081 1839 1174 1920 κινή-
1188 1859 1214 1902 ιο

158 1959 227 2018 σεις
254 1938 408 2024 ἐγένοντο
437 1937 473 2005 έν
500 1948 539 2025 τῇ
566 1941 677 2025 πόλει,
707 1939 758 2004 ὅτι
785 1949 887 2006 πᾶσαι
909 1942 991 2007 κατά
1014 1943 1072 2019 τὰς
1094 1941 1178 2008 ἀνα-Υ

84 2049 287 2125 ιεοοπαύλας
310 2045 464 2130 ἐγένοντο
487 2056 554 2112 τῶν
572 2044 735 2130 πολέμων.
767 2049 915 2137 Κοιντίφ
934 2043 966 2112 δ’
986 2047 1047 2114 οὐκ
1066 2047 1208 2123 έδόκει3

157 2157 305 2239 πόλεμον
332 2150 484 2239 ἐκφέρειν
512 2151 650 2235 οὐδένα,
683 2151 852 2238 ἀγαπητὸν
879 2153 1115 2241 ἀποφαίνοντι,
1144 2159 1175 2222 εί

158 2262 241 2347 πρὸς
262 2262 342 2336 τοὺς
363 2258 565 2343 ἀναγκαίους
586 2281 621 2324 τε
643 2256 699 2324 καί
717 2257 843 2337 ἔξωθεν
861 2258 1087 2345 ἐπαγομένους
1104 2288 1174 2330 κιν-

160 2369 285 2444 δύνους
306 2367 510 2450 καλούμενος
533 2364 551 2432 δ
575 2365 679 2450 δῆμος
702 2364 860 2450 εὐπειθὴς
882 2364 1026 2454 γένοιτο,
1048 2368 1104 2436 καὶ
1125 2373 1174 2437 δι·
1188 2394 1215 2434 ιο

161 2475 330 2559 δάσκοντι,
352 2473 397 2550 ὡς
419 2475 450 2538 εί
471 2475 550 2557 βίαν
573 2471 777 2558 προσάξουσι
799 2484 870 2550 τοίς
891 2475 936 2558 μὴ
960 2475 1174 2560 πειθομένοις

161 2583 208 2658 είς
226 2579 389 2647 ἀπόνοιαν
409 2578 656 2663 ἀναγκάσουσιν
673 2577 788 2644 ἐλθεῖν
801 2580 839 2644 τὸ
854 2581 1045 2665 δημοτικόν,
1065 2583 1174 2666 ὥσπερ

160 2686 215 2753 καὶ
234 2688 269 2753 οί
284 2689 349 2769 πρὸ
368 2687 477 2752 αὐτῶν
497 2683 655 2769 ἐποίησαν
674 2683 807 2751 ὕπατοι·
828 2685 860 2764 ἐξ
881 2681 928 2752 ὧν
942 2688 1174 2754 κινδυνεύσειν

47 2883 49 2886 v
161 2794 282 2871 αὐτοὺς
305 2795 399 2859 δυεῖν
421 2793 579 2877 θάτερον,
601 2789 622 2875 ἣ
646 2786 690 2856 δι’
713 2791 849 2876 αἵματος
870 2791 926 2858 καὶ
944 2794 1060 2879 φόνων
1077 2817 1175 2860 κατα-

160 2909 285 2966 παῦσαι
311 2900 373 2984 τὴν
401 2899 534 2982 στάσιν,
561 2897 581 2982 ἢ
609 2899 810 2983 θεραπεύειν
834 2901 976 2985 αἰσχρῶς
998 2900 1174 2984 ὑπομείναι
1189 2923 1215 2965 ιε

232 3097 248 3146 2
268 3091 317 3147 τὸν
335 3107 390 3146 om.
408 3093 434 3145 A
488 3097 504 3145 3
522 3087 641 3153 Κόιντος
658 3090 712 3144 hoc
730 3090 792 3146 1οοο
812 3089 932 3161 aliisque
950 3093 1002 3147 AB
1021 3108 1073 3162 pro
1091 3095 1175 3148 Κοίν-

160 3181 219 3225 τιος
309 3169 325 3218 6
350 3157 397 3217 έπλ
414 3161 464 3225 τὰς
483 3159 534 3228 ἔξω
554 3178 577 3218 ο.
598 3161 719 3232 Sylburg
741 3161 807 3233 περὶ
825 3169 887 3226 ταῖς
906 3161 957 3230 ἔξω
977 3165 1133 3232 στρατείαις
1151 3181 1174 3219 ο.

161 3233 264 3290 Reiske
331 3239 349 3289 8
367 3234 454 3289 αότού
471 3233 495 3286 Β
564 3239 596 3288 11
616 3235 808 3288 συνδιοικούσι
825 3232 851 3287 Α
870 3243 1031 3289 οννοικοῦσι
1049 3233 1096 3290 ΒΟ
1115 3251 1175 3290 eor-

161 3305 236 3360 rexib
253 3303 377 3374 Sylburg
449 3310 482 3359 13
507 3301 548 3359 έτι
566 3303 752 3376 φθονουμένῃ
771 3304 873 3380 maluit
892 3305 1052 3376 Stephanus
1072 3301 1176 3375 έπιφα-

162 3374 422 3518 νφδςέφθρνονμένφ
433 3392 464 3503 ἐο.
483 3375 586 3502 Βεὲεδτο
630 3383 698 3501 Βὲό
716 3375 801 3448 κατὰ]
821 3376 891 3446 μετά
909 3393 931 3432 ο.
948 3376 1070 3446 Sylburg
1142 3385 1175 3434 18

162 3467 177 3501 ο
230 3466 267 3502 να
304 3467 341 3503 m.
446 3466 613 3516 πιφανοντι
