2586 3972
553 220 718 272 -Θ-
1077 219 1142 284 307

120 385 250 470 χρόνον
278 384 367 468 ἔφθη
394 384 432 447 τὸ
456 381 493 446 ἐν
517 378 672 469 Κρεμέρᾳ
694 382 860 466 φρούριον
884 377 1055 467 ἐξαιρεθὲν
1078 383 1147 448 ὑπὸ

116 481 193 554 Ιτῶν
215 492 393 574 πολεμίων,
416 485 527 555 καὶτὸ
548 490 687 572 Φαβίων
705 486 802 571 γένος
820 487 907 553 ἀπαν
927 486 1143 573 ἀπολόμενον.

121 593 201 682 περὶ
230 593 268 660 δέ
295 605 353 680 τῆς
380 595 608 680 κατασχούσης
630 597 708 671 τοὺς
730 595 855 681 ἀνδρας
879 602 1053 680 συμφοράς
1076 596 1144 660 διτ-

121 705 182 778 τὸς
203 700 338 789 φέρεται
361 705 471 787 λόγος,
494 703 513 768 ὁ
537 697 599 787 μέν
622 697 722 786 ἦττον
742 703 899 785 πιθανός,
921 701 940 768 δ
959 697 1144 786 δὲμᾶλλον

121 818 183 892 τῆς
205 808 364 895 ἀληθείας
387 808 578 893 ἁπτόμενος.
617 804 766 892 θησωδ
787 807 908 886 αὐτοὺς
926 806 1144 894 ἀμφοτέρους,
1171 835 1187 876 ε

123 915 173 992 ὡς
192 915 392 1002 παρέλαβον.

192 1020 332 1087 XVIIII.
364 1019 459 1100 Τινὲς
481 1017 608 1108 μέν’
570 1047 633 1088 ουν
656 1039 772 1107 φασιν,
794 1022 845 1087 δτι
869 1025 992 1100 θυσίας
1015 1023 1145 1090 ἐπιστά-

123 1144 186 1212 σης
207 1133 365 1216 πατρίου,
387 1129 430 1213 ἣν
453 1130 522 1194 έδει
544 1132 582 1196 τὸ
608 1131 747 1213 Φαβίων
770 1127 953 1194 ἐπιτελέσαι
976 1126 1088 1214 γένος,
1110 1131 1148 1195 οί

122 1232 188 1320 μὲν
215 1236 335 1322 ἀνδρες
362 1234 506 1319 ἐξῆλθον
534 1236 670 1318 ὀλίγους
698 1232 895 1320 ἐπαγόμενοι
922 1235 1064 1312 πελάτας
1091 1235 1145 1301 ἐπὶ

121 1343 166 1407 τά
195 1342 282 1427 ίερά,
309 1339 364 1406 καὶ
389 1338 558 1428 προῄεσαν
582 1341 659 1407 οὔτε
684 1341 940 1427 διερευνώμενοι
963 1339 1020 1417 τὰς
1043 1341 1144 1420 ὁδοὺς
1158 1370 1184 1409 10

108 1445 204 1530 Δοὔθ’
231 1449 296 1516 ὑπὸ
321 1451 475 1532 σημαίαις
497 1446 692 1532 τεταγμένοι
715 1448 796 1513 κατὰ
821 1450 955 1533 λόχους,
983 1449 1144 1536 ῥαθύμως

123 1552 165 1620 δὲ
187 1554 241 1620 καὶ
264 1555 461 1641 ἀφυλάκτως
482 1555 527 1631 ὡς
551 1555 588 1620 ἐν
613 1557 727 1645 εἰρήνη
749 1577 784 1619 τε
802 1551 858 1619 καὶ
878 1555 934 1620 διά
952 1559 1066 1640 φιλίας
1084 1565 1144 1640 γῆς

40 1665 354 1747 ιτεεπορευόμενοι.
391 1663 426 1728 οί
442 1659 480 1728 δὲ
503 1659 669 1749 Ῥυρρηνοί
687 1664 935 1747 προεγνωκότες
953 1661 1064 1728 αὐτῶν
1082 1664 1179 1746 την2

123 1767 244 1848 ἔξοδον
268 1767 430 1854 ἐλόχησαν
452 1776 510 1852 τῆς
534 1768 617 1834 ὁδοῦ
640 1772 765 1855 χωρίου
788 1767 881 1856 μέρει
904 1778 961 1854 της
979 1778 1144 1856 στρατιᾶς,

121 1876 186 1959 την
206 1871 243 1940 δὲ
264 1875 384 1959 λοιπὴν
403 1876 548 1960 δύναμιν
567 1874 833 1961 συντεταγμένην
853 1878 982 1961 ἔχοντες
1004 1875 1046 1941 οὐ
1064 1880 1143 1940 πολ-
1159 1899 1184 1941 τε

122 1989 173 2070 λῷ
197 1982 339 2070 ὕστερον
361 1982 584 2066 ἠκολούθουν.
626 1981 671 2059 ὡς
694 1979 724 2046 δ’
743 1980 948 2066 ἐπλησίασαν
967 1982 1003 2046 οί
1020 1981 1145 2064 Φάβιοι

122 2101 197 2166 ταῖς
226 2087 391 2175 ἐνέδραις,
423 2087 657 2167 ἐξαναστάντες
689 2099 748 2155 τοῦ
780 2092 883 2174 λόχου
910 2089 946 2153 οί
976 2088 1144 2175 Ῥυρρηνοὶ

123 2200 389 2282 προσπίπτουσιν
422 2195 549 2279 αὐτοῖς,
581 2196 618 2260 οί
646 2191 708 2280 μέν
740 2197 821 2260 κατά
849 2193 1017 2280 μέτωπον,
1048 2195 1085 2260 οί
1109 2192 1140 2260 δ’

124 2301 163 2368 ἐκ
197 2312 266 2368 τῶν
301 2305 467 2386 πλαγίων,
500 2299 555 2366 καί
588 2299 657 2387 μετ’
688 2302 730 2367 οὐ
760 2304 847 2367 πολὺ
879 2300 901 2384 ἡ
933 2310 1000 2367 τῶν
1032 2302 1143 2369 ἀλλων

128 2412 314 2495 Τυρρηνῶν
341 2409 483 2493 δύναμις
510 2407 714 2494 προσέβαλεν
742 2407 778 2472 ἐκ
806 2418 872 2473 τῶν
900 2410 1053 2473 κατόπιν·
1088 2406 1184 2474 καίεο

124 2514 337 2600 περιστάντες
368 2514 480 2591 αὐτοῖς
511 2516 739 2599 πανταχόθεν,
771 2513 807 2579 οί
835 2510 897 2598 μέν
930 2516 1143 2598 σφενδόναις,

125 2623 163 2687 οί
186 2618 224 2686 δέ
247 2620 371 2705 τόξοις,
398 2622 434 2686 οί
459 2617 497 2686 δέ
525 2624 675 2696 σαυνίοις
698 2642 732 2684 τε
756 2617 811 2684 καί
835 2623 969 2706 λόγχαις
992 2624 1142 2706 στοχαζό-

125 2751 238 2814 μενοι,
264 2736 310 2816 τιβ
337 2730 460 2812 πλήθει
483 2738 550 2792 τῶν
572 2730 681 2810 βελῶν
704 2727 851 2804 ἅπαντας
876 2727 1141 2813 κατειργάσαντο.

125 2829 225 2912 οὗτος
254 2830 315 2919 μέν
346 2829 409 2900 οὖν
436 2829 536 2918 ἧττον
564 2834 675 2918 ἔμοιγε
702 2837 848 2925 πιθανὸς
874 2837 1027 2919 φαίνεται
1056 2827 1176 2904 είναι3

124 2943 235 3025 λόγος.
272 2941 348 3006 οὔτε
371 2941 435 3026 γάρ
458 2933 545 3016 εἰκὸς
567 2938 631 3005 ἀπὸ
656 2937 880 3026 στρατοπέδου
903 2945 1025 3017 θυσίας
1047 2939 1143 3006 ἕνεκα
1157 2961 1184 3002 ετ

200 3199 413 3260 λοάνεδδ,Β
469 3209 500 3258 11
521 3203 811 3274 σημείαςΑσημε
830 3200 967 3278 Βλρθ
950 3223 1071 3292 μωςτε
1090 3202 1142 3258 AO

125 3267 246 3348 ρ.δὲΒ
334 3279 368 3328 14
387 3269 498 3344 ἐλόχιασ
499 3272 559 3328 νΒ
642 3280 674 3329 17
695 3271 724 3328 οί
743 3259 1026 3364 Τυρρηνολπροσέβα
1027 3271 1143 3330 λλονέκ

124 3355 218 3402 τῶνκ
202 3345 366 3401 κιατόπνΑ
439 3351 473 3400 20
491 3344 677 3418 προσέβαλεν]
696 3344 821 3420 προσέβα
802 3350 884 3401 αλλεν
903 3346 951 3400 Ba
968 3344 1142 3430 προσέπεσον

126 3414 358 3491 Οπροσέβυλλον
377 3415 460 3486 cmg,
478 3418 563 3486 temp
579 3432 670 3486 praes.
689 3419 912 3488 προσπίπτουσιν
928 3417 1128 3486 suspectum
1101 3436 1141 3472 τι-

126 3490 212 3545 detur
230 3505 292 3544 esse
365 3494 399 3542 23
419 3487 632 3558 κατηργάσαντο
651 3487 698 3541 Ba
826 3531 830 3536 .
1079 3520 1081 3523 ψ

929 3577 982 3631 20*
