2586 3972
570 219 737 271 ..θ-

145 385 238 470 μόνφ
261 379 464 464 δυνηθέντες
487 378 529 446 άν
552 383 635 465 πρὸς
656 381 714 456 τὰς
735 379 895 464 ἡμετέρας
912 383 1035 465 τόλμας
1052 405 1087 446 τε
1106 381 1167 447 καὶ

146 488 314 572 ἐμπειρίας
343 485 493 571 ἀντέχειν
520 487 758 571 ἀπεστερήκασι
785 495 843 570 τῆς
869 490 973 571 μόνης
1000 487 1167 572 ὠφελείας

146 592 285 670 ἑαυτοὺς
307 593 583 670 ἀπαναλώσαντες
604 595 643 658 τὸ
660 598 777 658 πλεῖον
794 603 853 677 τῆς
871 595 1043 678 δυνάμεως
1062 593 1168 680 μέρος

110 703 192 778 8είς
218 701 276 777 τάς
302 710 369 766 τών
398 703 573 787 φρουρίων
599 700 759 783 φυλακάς.
805 702 916 766 ἔπειτα
939 699 1019 766 δέον
1041 701 1168 777 αὐτοὺς

118 810 209 872 τσὺν
237 806 392 894 εὐλαβείᾳ
419 805 474 872 καὶ
501 812 649 893 λογισμῷ
678 807 830 891 σώφρονι
851 807 1007 892 πράττειν
1030 807 1168 890 ἕκαστα,

127 912 432 997 ἐνθυμουμένους,
455 915 539 998 πρὸς
562 915 655 990 οἴους
676 914 803 999 ἀνδρας
826 916 895 994 [καὶ
914 917 999 980 πολὺ
1019 913 1168 997 ἀλκιμω-

145 1017 262 1103 τέρους
284 1019 408 1101 αὐτῶν]
439 1021 457 1085 6
480 1021 639 1095 κίνδυνος
661 1021 768 1103 ἔσται,
796 1008 949 1104 θρασέως
971 1018 1026 1085 καί
1049 1019 1169 1106 ἀπερι-

146 1123 292 1203 σκέπτως
315 1124 367 1191 ἐπὶ
386 1128 445 1192 τὸν
464 1125 577 1209 ἀγῶνα
595 1135 774 1210 χωροῦσιν,
798 1125 843 1202 ώς
860 1127 985 1213 ἀμαχοί
1000 1149 1087 1202 τινες
1105 1125 1169 1190 καὶ

146 1230 190 1308 ώς
207 1231 301 1315 ἡμῶν
320 1236 617 1317 καταπεπληγότων
635 1232 766 1308 αὐτούς.
799 1234 837 1297 αί
852 1243 936 1316 γοῦν
954 1231 1170 1318 ἀποταφρεύ-

106 1359 132 1399 10
146 1354 215 1414 σεις
236 1340 292 1404 καλ
315 1340 353 1402 αί
372 1337 468 1424 μέχρι
490 1349 550 1404 τοῦ
573 1339 716 1423 χάρακος
738 1338 833 1422 ἡμῶν
851 1342 1087 1416 καθιππεύσεις
1105 1337 1171 1404 καὶ

146 1445 185 1510 τά
208 1446 314 1510 πολλά
338 1444 375 1510 ἐν
398 1448 510 1528 λόγοις
527 1467 562 1509 τε
580 1443 635 1510 καὶ
654 1447 764 1530 ἔργοις
781 1445 967 1532 ὑβρίσματα
985 1455 1082 1511 τοῦτο
1102 1447 1171 1510 δύ-

110 1554 251 1617 9ναται.
296 1551 399 1616 ταῦτά
425 1575 460 1616 τε
485 1551 526 1633 δη
551 1549 798 1634 ἐνθυμούμενοι
821 1550 966 1617 καὶτῶν
989 1550 1251 1636 προτέρωνιτσν

146 1654 286 1738 ἀγώνων
310 1657 512 1742 μεμνημένοι
535 1661 669 1723 πολλῶν
693 1659 801 1723 όντων
823 1657 879 1723 καὶ
901 1665 1024 1742 καλῶν,
1049 1658 1086 1723 ἐν
1111 1651 1170 1738 οἷς

146 1761 268 1839 αὐτοὺς
290 1761 430 1847 ἐνικᾶτε,
451 1775 587 1850 χωρεῖτε
609 1765 690 1848 μετά
708 1768 899 1848 προθυμίας
917 1763 972 1830 καὶ
991 1764 1044 1831 ἐπὶ
1062 1768 1170 1831 τόνδε

106 1889 131 1929 ιι
145 1870 204 1934 τὸν
228 1867 353 1951 ἀγῶνα·
377 1868 431 1935 καί
455 1871 492 1936 ἐν
516 1864 541 1958 β
566 1869 608 1936 δν
631 1871 727 1954 ὑμῶν
750 1869 886 1948 ἕκαστος
907 1876 1171 1961 χωρίφταχθῇ,

146 1972 241 2040 τοῦθ’
270 1965 462 2060 ὑπολαβέτω
491 1975 547 2042 καὶ
570 1973 664 2043 οἷκον
687 1971 773 2043 εἶναι
796 1976 852 2042 καὶ
875 1982 1000 2064 κλῆρον
1023 1976 1078 2043 καὶ
1100 2000 1171 2043 πα-

145 2082 255 2165 τρίδα·
284 2081 340 2147 καὶ
364 2082 382 2146 6
405 2107 439 2148 τε
468 2085 580 2162 σώζων
609 2085 669 2148 τὸν
696 2085 909 2169 παραστάτην
933 2083 1038 2172 ἑαυτῷ
1061 2086 1173 2170 πράτ-

145 2210 214 2251 τειν
237 2188 298 2270 τὴν
321 2195 487 2273 σωτηρίαν
509 2179 717 2273 ὑπολαβέτω,Ι
738 2188 793 2254 καὶ
816 2190 834 2256 6
858 2190 1084 2274 ἐγκαταλιπὼν
1101 2194 1172 2258 τὸν

146 2291 246 2369 πέλας
269 2291 388 2360 ἑαυτὸν
411 2296 558 2379 ἡγείσθω
581 2307 652 2372 τοῖς
669 2300 840 2380 πολεμίοις
857 2298 1066 2384 προδιδόναι.
1102 2300 1173 2381 μά-

108 2417 133 2458 ν
148 2404 242 2463 λιστα
262 2396 293 2462 δ’
312 2399 418 2467 ἐκεῖνο
437 2409 627 2486 μεμνῆσθαι
645 2411 824 2487 προσῆκεν,
843 2403 894 2467 ὅτι
912 2407 1084 2488 μενόντων
1102 2401 1174 2487 μὲν

147 2504 281 2591 ἀνδρῶν
305 2506 361 2571 καὶ
384 2505 582 2593 μαχομένων
605 2507 721 2590 ὀλίγον
743 2511 781 2573 τὸ
806 2506 1039 2592 ἀπολλύμενόν
1062 2507 1174 2596 ἐστιν,

147 2611 372 2696 ἐγκλινάντων
404 2609 441 2678 δὲ
473 2611 528 2678 καλ
556 2616 753 2698 φευγόντων
780 2616 901 2700 κομιδῇ
930 2618 1036 2701 βραχὺ
1065 2619 1173 2694 σωζό-

146 2742 257 2803 μενον.

213 2825 251 2889 X.
274 2824 346 2890 Ἔτι
370 2823 399 2890 δ’
424 2825 528 2892 αὐτοῦ
551 2824 707 2909 λέγοντος
728 2828 769 2892 τά
787 2830 835 2904 είς
852 2830 889 2909 τὸ
909 2837 1067 2911 γενναῖον
1087 2827 1247 2898 ἐπα-1763

127 3071 128 3075 ’
219 3059 234 3106 6
258 3053 329 3105 πολὺ
348 3067 402 3105 om.
423 3051 445 3106 Ο
464 3053 577 3120 praeter
596 3053 620 3106 B
643 3055 692 3107 καί
710 3056 781 3108 πολὺ
800 3071 854 3108 om.
874 3052 894 3106 Ο
913 3055 1001 3108 verba
1024 3053 1073 3106 καλ
1092 3035 1169 3108 πολὺ

23 3153 27 3160 ·
146 3120 351 3193 ἀλκιμωτέρους
369 3123 460 3177 αὐτῶν
485 3122 538 3177 del.
559 3121 660 3178 (λαντον
684 3124 749 3179 obs.
772 3142 799 3193 p.
819 3131 852 3179 ³3
962 3129 978 3176 8
1003 3123 1108 3193 άμαχοι
1128 3127 1168 3193 δή

145 3214 219 3257 τινες
243 3193 265 3248 Ο
289 3196 403 3263 praeter
420 3193 456 3246 B*
517 3198 532 3246 9
556 3194 866 3268 ἀπο<ταφρεάσ>ειςΒ
941 3200 972 3247 11
999 3193 1091 3263 ἔργοις
1108 3213 1168 3252 om.

146 3267 171 3318 A
188 3270 191 3333 Ι
208 3284 237 3319 τε
256 3265 352 3322 om.B
412 3271 445 3318 13
467 3262 555 3318 ὄντων
574 3267 667 3319 om.A
683 3268 687 3335 Ι
703 3266 790 3320 verba
807 3266 857 3321 καί
875 3273 930 3319 τῶν
949 3266 1038 3335 πρά.
1058 3285 1170 3336 μεμνη-

146 3334 226 3404 μένοι
245 3353 299 3391 om.
318 3336 365 3389 Ba
426 3341 458 3389 1⁷
478 3333 520 3388 ὅτι
539 3336 631 3401 σώζων
651 3336 698 3392 Ba
716 3336 731 3391 6
750 3355 781 3405 γε
800 3355 824 3390 ο.
843 3337 894 3391 ΑΟ
957 3343 989 3391 18
1010 3337 1024 3391 6
1045 3354 1099 3391 om.
1116 3337 1170 3392 Ba

147 3413 181 3460 20
204 3413 346 3476 προσῆκεν
365 3406 390 3458 Α
414 3405 593 3479 προοήκειΒ
690 3415 722 3462 21
748 3409 873 3478 ἀνδρῶν]
892 3409 1030 3477 ἀνδρείως
1048 3408 1096 3463 vel
1113 3409 1170 3463 ἀν-

146 3478 260 3546 δρωδῶς
278 3493 301 3531 ο.
321 3476 425 3530 Reiske
