2586 3972
610 164 812 238 -Η..’

186 349 325 433 Κάσσιε,
343 347 399 414 καλ
418 352 459 415 σὺ
476 349 663 435 Οὐεργίνιε,
680 351 720 415 τδι
738 349 901 434 κεφάλαιά
920 348 990 415 ἐστι
1004 358 1063 415 τοῦ
1078 351 1255 432 νόμουςιεει

185 455 222 520 δν
246 454 320 540 μέν,
343 457 375 521 εί
393 457 455 543 χρὴ
474 458 536 541 τὴν
555 456 721 541 δημοσίαν
739 466 804 541 γῆν
823 455 894 522 κατ’
916 457 1025 542 ἀνδρα
1048 456 1199 538 διανεμη-

185 568 306 646 θῆναι,
336 560 451 648 ἕτερον
475 560 521 647 δ’,
549 565 580 628 εί
602 565 664 648 χρὴ
692 561 748 627 καὶ
773 567 942 639 Λατίνους
969 560 1025 627 καλ
1046 559 1201 648 Ἕρνικας

150 666 285 754 θμέρος
306 668 407 753 αὐτῆς
429 670 761 753 λαβόντας·<ἔχειν>;
785 669 1065 754 ὁμολογησάντων
1090 665 1122 733 δ’
1147 667 1200 732 αὐ·

158 787 266 843 ετῶν·
296 771 377 840 Εἶεν
406 777 462 859 δη·
495 778 537 841 σύ
568 774 645 861 μέν,
672 771 781 861 εἶπεν,
809 772 835 841 ώ
863 777 1007 860 Κάσσιε,
1034 775 1200 861 ἀμφότερα
1266 765 1267 820 Ῐ

185 879 275 947 ταῦτ’
308 880 517 966 ἐπιψηφίζειν
545 881 651 961 ἀξιοῖς
675 885 736 949 τὸν
764 885 887 968 δῆμον,
915 886 958 948 σὺ
986 879 1023 948 δέ
1052 883 1096 965 δὴ
1124 883 1200 966 πρὸς

185 994 289 1072 θεῶν,
312 984 338 1054 ώ
364 989 551 1075 Οὐεργίνιε,
573 987 670 1069 λέξον
692 989 784 1074 ἡμῖν,
809 993 932 1075 πότερα
955 990 1104 1075 θάτερον
1128 987 1200 1052 άκυ-
1266 1021 1267 1024 ¹

187 1104 258 1180 ροίς
284 1103 341 1179 τῆς
368 1099 520 1161 Κασσίου
547 1097 681 1180 γνώμης
711 1095 811 1182 μέρος
837 1098 875 1162 τὸ
905 1096 988 1161 κατά
1016 1098 1108 1172 τοὺς·
1125 1111 1202 1176 συμ-,

186 1203 312 1288 μάγους
335 1201 397 1269 οὐκ
415 1203 569 1287 οἰόμενος
592 1203 665 1267 δεῖν
684 1204 877 1288 ἰσομοίρους
899 1201 980 1287 ἡμῖν
994 1201 1153 1288 Ἕρνικάς
1170 1222 1200 1263 τε

148 1307 241 1375 ιοκαλ
263 1313 431 1386 Λατίνους
452 1320 573 1394 ποιεῖν,
603 1309 624 1394 ἣ
647 1307 703 1374 καλ
725 1309 872 1395 θάτερον
895 1310 1045 1394 (μόνον)
1070 1307 1200 1392 ἀκυροίς

186 1415 289 1495 ἀξιῶν
308 1412 388 1482 οὐδὲ
406 1416 487 1500 ἡμίν
506 1415 619 1493 αὐτοῖς
637 1414 805 1500 διανέμειν
826 1417 867 1481 τά
889 1416 1001 1494 κοινά;
1026 1413 1123 1482 ταυτὶ
1141 1403 1203 1497 γάρ

151 1521 366 1608 3ἀπόιιριναί
381 1546 438 1606 μοι
456 1518 566 1607 μηθέν
587 1521 873 1608 ἀποκρυψάμενος.
919 1525 1072 1600 εἰπόντος
1091 1518 1129 1587 δὲ
1146 1527 1199 1584 τού

188 1629 389 1715 Οὐεργινίου
416 1638 455 1714 τῇ
486 1633 643 1694 Λατίνων
675 1653 710 1694 τε
742 1627 797 1694 καὶ
824 1627 986 1714 Ἑρνίκων
1018 1627 1198 1711 ἀντιλέγειν

187 1736 373 1822 ἰσομοιρίᾳ,
400 1737 438 1801 τὸ
467 1732 504 1801 δὲ
531 1736 613 1802 κατὰ
640 1738 719 1812 τοὺς
745 1737 897 1820 πολίτας,
926 1737 958 1801 εί
983 1745 1065 1802 πᾶσι
1089 1733 1198 1814 δόξειε,
1266 1761 1267 1842 η

147 1865 173 1906 15
187 1839 406 1926 διανέμεσθαι
425 1853 622 1928 συγχωρεῖν,
641 1840 838 1927 ἐπιστρέψας
856 1842 874 1908 ὁ
894 1843 1064 1928 δήμαρχος
1081 1844 1129 1918 εἰς
1145 1841 1197 1904 τὸν
1266 1859 1267 1884 1

187 1949 288 2033 όχλον
316 1943 421 2013 εἶπεν·
446 1945 536 2012 Ἐπεὶ
563 1952 680 2014 τοίνυν
708 1950 745 2014 τὸ
769 1944 834 2033 μὲν
855 1947 969 2034 ἕτερον
992 1958 1050 2032 της
1073 1948 1197 2032 γνώμης

54 2076 59 2086 ·
187 2054 286 2140 μέρος
308 2049 508 2140 ἀμφοτέροις
529 2065 598 2131 τοῖς
620 2055 759 2132 ὑπάτοις
781 2056 949 2139 συνδοκεῖ,
971 2057 1009 2121 τὸ
1034 2045 1066 2120 δ’
1093 2054 1196 2137 ἕτερον

187 2160 392 2245 ἀντιλέγεται
414 2163 498 2247 πρὸς
520 2159 679 2246 θατέρου,
706 2163 849 2246 ίσότιμοι
873 2159 904 2226 δ’
931 2161 1126 2248 ἀμφότεροι,
1147 2153 1194 2223 καὶ
1266 2147 1267 2164 ’

189 2269 249 2353 οὐχ
273 2260 347 2333 οἷόν
371 2290 405 2332 τε
429 2268 613 2352 βιάσασθαι
636 2266 769 2356 θατέρῳ
793 2269 852 2332 τὸν
875 2267 1000 2354 ἕτερον,
1028 2268 1046 2334 ὃ
1071 2265 1131 2354 μὲν
1154 2266 1195 2329 δί-

123 2375 174 2437 ’κο
188 2375 283 2439 δοται
305 2371 381 2459 παρ’
409 2371 617 2460 ἀμφοτέρων,
640 2375 704 2458 ἤδη
729 2374 895 2459 λάβωμεν,
917 2370 1001 2460 ὑπὲρ
1025 2371 1067 2440 οὗ
1092 2371 1121 2440 δ’
1142 2370 1194 2454 άμ-

151 2484 429 2567 4φισβητοῦσιν,
466 2479 718 2564 ἀναβαλώμεθα.
779 2479 1044 2565 ἐπισημήναντος
1077 2477 1114 2546 δὲ
1142 2483 1194 2542 τοῦ
1266 2555 1267 2576 η

186 2588 339 2670 πλήθους
362 2588 407 2664 ὡς
428 2588 468 2651 τά
491 2587 647 2672 κράτιστα
670 2584 868 2676 ὑποθεμένῳ
892 2585 948 2652 καλ
970 2589 1145 2653 καταλύειν
1164 2581 1193 2648 ἐκ

186 2705 247 2761 τοῦ
278 2697 386 2778 νόμον
418 2695 456 2759 τὸ
488 2703 610 2760 ποιοῦν
643 2695 857 2778 διχοστασίαν
889 2692 989 2780 μέρος
1021 2693 1192 2774 ἀξιοῦντος,
1266 2701 1267 2752 l

187 2801 335 2887 ἀπορῶν,
359 2800 377 2865 ό
400 2823 432 2865 τι
455 2801 518 2885 χρὴ
540 2799 708 2884 πράττειν,
734 2800 752 2866 ὁ
775 2800 923 2878 Κάσσιος
946 2800 1002 2867 καὶ
1025 2799 1098 2868 οὐτ’
1124 2797 1241 2864 ἀνα-1634
1266 2827 1267 2896 3

148 2929 173 2970 ει
186 2907 312 2974 θέσθαι
341 2906 403 2989 τὴν
433 2907 570 2990 γνώμην
600 2907 865 2992 προαιρούμενος
896 2908 972 2973 οὐτε
1005 2906 1118 2992 μένειν
1147 2896 1188 2968 έ’
1266 2899 1267 2904 ’

187 3015 290 3098 αὐτῆς
313 3011 602 3095 ἀντιπραττόντων
625 3025 692 3078 τών
716 3014 897 3100 δημάρχων
915 3015 1113 3100 δυνάμενος,
1128 3011 1190 3076 τότε

259 3176 276 3224 4
295 3169 433 3252 λαβόντας
452 3169 475 3224 O
495 3171 592 3294 λοηδεῑν
610 3169 657 3225 vel
676 3168 815 3243 λαβόντας
834 3169 909 3242 ἔχειν
928 3190 951 3229 ο,
972 3172 1094 3249 ΕγΙδαες
1163 3168 1189 3218 ¹0

187 3243 276 3312 μόνον
295 3242 360 3297 αδδ.
379 3241 483 3295 Re1ske
500 3242 504 3313 λ
541 3247 637 3311 τυροῖς
657 3241 712 3296 del.
732 3240 834 3297 Garrer
854 3242 919 3298 obs.
938 3262 965 3314 p.
983 3251 1015 3299 76
1090 3248 1120 3298 11
1138 3240 1190 3292 δια·

154 3312 326 3382 ,νέμεσθαι
345 3329 368 3367 c.
387 3311 506 3367 Reiske'
576 3321 608 3366 14
627 3310 705 3378 δόξει
724 3311 904 3384 νέμεσθαιΒ
987 3321 1020 3370 21
1043 3307 1190 3388 ἀναβαλλό-

186 3384 360 3510 γηεῐιῖΙαθΑβα
407 3391 410 3448 Ι
459 3379 706 3453 έπισημηναμένου
730 3401 753 3442 c.
778 3384 869 3441 Cobet
887 3386 953 3442 obs.
972 3407 999 3457 p.
1020 3392 1081 3455 170,
1100 3382 1144 3440 sed
1160 3373 1188 3430 cf·

287 3498 293 3524 ι
