2660 3976
216 236 280 300 194
639 238 806 288 -Η-

214 423 248 465 τε
276 395 331 464 καλ
361 399 522 482 δαίμονας
544 395 705 482 έγγυητάς
727 398 852 481 ἔδωκα,
880 402 960 481 μήτε
983 397 1169 483 προδώσειν
1188 398 1222 461 τὸ

213 508 329 572 κοινὸν
352 504 463 576 αὐτῶν
486 507 565 588 μήτε
589 505 900 591 προκαταλύσεσθαι
918 506 977 570 τὸν
995 505 1153 587 πόλεμον,
1171 499 1223 567 ἐὰν
1298 549 1299 554 1

178 614 259 696 2μη
284 611 510 688 Οὐολούσκοις
533 612 634 677 άπασι
656 611 747 696 δοκῇ.
793 612 896 688 θεούς
917 634 953 676 τε
976 611 1017 695 δη
1042 613 1223 695 σεβόμενος,
1298 627 1299 684 ι

214 718 274 796 οὓς
292 719 416 803 ώμοσα,
439 714 494 782 καὶ
513 716 714 804 ἀνθρώπους
732 718 942 801 αἰδούμενος,
961 708 1011 794 οἷς
1028 717 1087 795 τὰς
1107 719 1276 792 πίστειςιειε
1298 707 1299 710 “

186 826 333 909 ιέδωκα,
356 826 533 909 πολεμησω
550 821 722 908 Ῥωμαίοις
744 824 821 909 ἀχρι
838 821 963 900 τέλους.
1009 822 1068 889 έδιν
1091 821 1124 887 δ’
1151 822 1223 888 ἀπο-

214 933 333 998 διδῶσι
356 932 418 1016 την
441 931 554 1016 χώραν
576 930 813 1015 Οὐολούσκοις,
836 929 878 1013 ἣν
901 927 1097 1015 κατέχουσιν
1121 929 1224 994 αὐτῶν

213 1041 289 1125 βία,
325 1035 380 1102 καὶ
412 1040 533 1120 φίλους
565 1035 686 1113 αὐτοὺς
717 1038 921 1120 ποιήσωνται
952 1036 1087 1102 πάντων
1119 1035 1224 1111 αὐτοῖς

214 1145 447 1229 μεταδιδόντες
476 1153 543 1208 τῶν
574 1149 657 1208 ἴσων
687 1143 797 1228 ὥσπερ
826 1146 1000 1225 Λατίνοις,
1032 1144 1223 1228 διαλύσομαι

178 1252 273 1322 3τὸν
300 1252 384 1337 πρὸς
412 1249 535 1327 αὐτοὺς
565 1252 725 1334 πόλεμον·
757 1250 866 1327 άλλως
893 1246 924 1314 δ’
952 1250 1002 1316 ού.
1047 1249 1141 1333 ὑμεῖς
1169 1247 1224 1334 μὲν

173 1380 200 1420 ιο
214 1353 289 1441 οὐν,
312 1352 338 1422 ὦ
361 1368 529 1440 γυναῖκες,
551 1358 644 1422 ἀπιτε
668 1355 723 1421 καὶ
745 1354 855 1440 λέγετε
874 1367 942 1434 τοῖς
964 1355 1107 1443 ἀνδράσι
1128 1364 1224 1421 ταῦτα

212 1461 268 1529 καὶ
305 1466 437 1529 πείθετε
478 1463 599 1541 αὐτούς
631 1463 676 1547 μη
708 1468 911 1548 φιλοχωρεῖν
942 1475 1013 1540 τοῖς
1045 1463 1224 1548 ἀλλοτρίοις

213 1569 346 1652 ἀδίκως,
369 1566 440 1634 ἀλλ’
464 1568 607 1654 ἀγαπᾶν,
631 1569 689 1636 ἐάν
712 1569 752 1635 τά
775 1567 903 1634 ἑαυτῶν
927 1571 1014 1654 ἔχειν
1037 1592 1087 1647 τις
1111 1569 1225 1644 αὐτούς

213 1675 262 1763 ἐᾷ,
286 1673 363 1759 μηδ’
386 1675 438 1741 ὅτι
462 1674 595 1764 πολέμῳ
619 1678 777 1760 λαβόντες
800 1679 913 1762 έχουσι
935 1677 975 1741 τά
995 1676 1224 1756 Οὐολούσκων,

212 1779 414 1867 περιμένειν,
437 1781 499 1859 ἕως
521 1780 655 1871 πολέμῳ
677 1782 778 1848 πάλιν
797 1783 879 1848 αὐτά
898 1782 963 1848 ὐπὸ
986 1784 1115 1849 τούτων
1134 1782 1223 1867 ἀφαι-

173 1909 199 1950 ιε
213 1895 370 1975 ρεθῶσιν.
417 1889 457 1954 οὐ
481 1889 544 1974 γὰρ
568 1888 747 1974 ἀποχρήσει
769 1901 839 1965 τοῖς
861 1898 1020 1974 κρατοῦσι
1042 1890 1082 1954 τά
1104 1887 1223 1955 ἑαυτῶν

213 1999 319 2080 μόνον
342 1993 533 2080 ἀπολαβεῖν,
562 1994 646 2060 ἀλλὰ
669 1994 725 2060 καὶ
748 1994 787 2059 τὰ
811 2006 878 2060 τῶν
901 1993 1136 2080 κρατηθέντων
1160 1997 1222 2060 ίδια
1297 2041 1298 2046 1

213 2100 413 2179 ἀξιώσουσιν
446 2104 542 2188 ἔχειν.
597 2100 656 2167 ἐὰν
689 2098 727 2167 δὲ
760 2106 989 2188 περιεχόμενοι
1021 2113 1088 2168 τών
1120 2099 1222 2188 μηθὲν

214 2208 326 2285 αὐτοῖς
354 2212 593 2294 προσηκόντων
623 2217 691 2275 πᾶν
724 2209 838 2275 ὁτιοῦν
869 2210 1008 2296 πάσχειν
1040 2207 1221 2294 ὑπομένωσι

213 2314 433 2397 φυλάττοντες
455 2317 492 2381 τὸ
516 2315 674 2398 αὔθαδες,
698 2314 846 2392 ἐκείνους
869 2316 1059 2383 αἰτιάσεσθε
1081 2327 1148 2382 τῖον
1169 2324 1275 2381 noc-1615

173 2417 451 2503 καταληψομένων
479 2431 606 2503 κακῶν,
634 2419 675 2486 οὐ
702 2421 859 2506 Μάρκιον
887 2418 967 2488 οὐδέ
996 2421 1222 2497 Οὐολούσκους

177 2521 294 2595 4οὐδὲ
327 2526 437 2611 <τῶν>
464 2528 576 2592 ἀλλων
608 2526 798 2614 ἀνθρώπων
835 2526 967 2596 οὐδένα.
1022 2539 1084 2595 σοῦ
1117 2527 1168 2613 δέ,
1197 2522 1220 2590 ὦ

212 2641 313 2717 μῆτερ
320 2682 330 2716 ,
357 2630 394 2697 έν
421 2630 513 2718 μέρει
540 2633 640 2699 πάλιν
663 2635 738 2711 υίὸς
765 2635 813 2700 διν
840 2634 905 2718 ἐγὼ
936 2634 1053 2720 δέομαι
1076 2638 1121 2720 μη
1143 2634 1219 2720 <με>
1286 2717 1293 2724 .

211 2743 415 2826 παρακαλεῖν
445 2740 493 2816 είς
524 2738 681 2816 ἀνοσίους
712 2740 845 2826 πράξεις
874 2740 929 2808 καὶ
961 2742 1113 2828 ἀδίκους,
1145 2735 1220 2826 μηδὲ

212 2845 292 2931 μετά
321 2855 389 2910 τῶν
420 2843 581 2929 ἐχθίστων
614 2844 691 2930 ἐμοί
719 2870 754 2912 τε
784 2846 840 2914 καὶ
871 2857 993 2934 σεαυτῇ
1025 2847 1219 2934 τεταγμένην

172 2974 198 3018 ιι
211 2955 390 3036 πολεμίους
415 2950 572 3035 ἡγεῖσθαι
598 2955 677 3031 τοὺς
705 2953 997 3039 ἀναγκαιοτάτους·
1030 2956 1114 3022 ἀλλὰ
1144 2949 1213 3038 παρ’

213 3056 286 3143 ἐμοὶ
308 3055 492 3144 γενομένην
513 3059 622 3145 ὥσπερ
647 3059 716 3126 ἐστὶ
740 3064 869 3128 δίκαιον
887 3065 1030 3146 πατρίδα
1048 3086 1083 3129 τε
1101 3062 1217 3147 νέμειν,

284 3287 591 3357 κπροκαταλύσασθαι
611 3289 633 3343 Ο
656 3292 815 3358 μεεοῖειΒ
924 3295 994 3348 'let
1015 3312 1042 3349 v.
1067 3298 1100 3346 12
1125 3288 1218 3347 αὐτούς
1291 3297 1292 3320 ¹

213 3356 278 3411 add.
298 3358 320 3410 B
395 3365 427 3413 19
447 3357 579 3415 αἰτιᾶσθε
599 3360 621 3415 Ο
641 3361 805 3417 αἰτιάσεσθε
824 3363 914 3418 Cobet
933 3363 998 3418 Obs.
1018 3382 1045 3434 p.
1062 3368 1113 3419 16⁶
1186 3363 1214 3411 21

213 3435 268 3481 τῶν
287 3427 351 3481 εδδ.
373 3428 462 3483 Cobet
480 3430 651 3502 1.1.Ιάλλον
670 3434 717 3488 Ba
735 3433 826 3489 ἀλλων
840 3435 917 3489 ABb
990 3441 1024 3490 22
1045 3431 1076 3491 έν
1093 3439 1130 3506 τῷ
1147 3428 1216 3502 μέρει

190 3514 244 3601 „⁰2
255 3497 399 3613 Kjessling
414 3504 418 3568 Ι
435 3519 469 3569 με
488 3501 551 3556 αδδ.
571 3502 716 3573 Kiessling
