2586 3972
524 221 690 273 ..Θ-

94 399 159 448 σαν
183 381 220 447 ἐκ
243 392 303 448 τοῦ
325 382 478 468 χάρακος,
502 383 578 448 οὔτε
602 386 661 448 τὸν
683 386 845 450 κίνδυνον
865 384 1115 468 ἐνθυμηθέντες

93 491 154 554 τὸν
187 492 462 573 καταληψόμενον
490 489 612 566 αὐτοὺς
644 490 789 568 ἀτάκτως
820 488 876 556 καί
908 490 1008 577 χωρὶς
1039 492 1115 575 ἡγε-
1206 479 1211 489 ’

30 597 199 679 ιτεομόνος
227 594 384 672 ἀπιόντας
412 595 447 660 ἐκ
474 599 632 680 πολεμίας
660 606 720 680 γῆς
746 595 802 662 καὶ
828 595 919 663 ταῦτ’
947 596 984 662 έν
1007 605 1113 682 νυκτί,

1 717 2 808 χ
95 703 173 766 οὔτε
210 703 273 785 την
309 703 489 788 αίσχύνην,
526 703 587 785 ὅση
623 701 778 782 καθεῖειν
814 703 937 781 αὐτούς
968 707 1114 789 ἔμελλεν,

94 808 395 891 ὑπολογισάμενοι,
427 809 478 874 ὅτι
510 811 727 896 παρεχώρουν
759 821 829 888 τοῖς
859 814 1029 895 πολεμίοις
1055 819 1114 894 τῆς
1142 839 1154 878 ε

94 913 291 997 ἡγεμονίας,
317 916 355 979 τὸ
383 922 467 996 γοῦν
491 912 543 999 ἐφ’
571 913 701 992 ἑαυτοῖς
727 915 842 1001 μέρος,
872 916 928 982 καί
956 915 1054 984 ταῦθ’
1083 919 1118 982 ολ

95 1022 292 1102 νικήσαντες
319 1032 388 1096 τοῖς
410 1019 674 1107 κεκρατημένοις.
723 1025 863 1101 τούτους
885 1025 927 1108 δὴ
950 1026 1029 1102 τοὺς
1056 1026 1149 1100 δίο-5

96 1127 180 1207 δρας
212 1125 463 1212 ὀρρωδοῦντες,
490 1122 516 1191 ὦ
546 1127 719 1211 ταξίαρχοί
745 1152 780 1194 τε
809 1128 864 1196 καὶ
894 1129 1031 1214 λοχαγοὶ
1060 1131 1115 1197 καὶ

95 1243 313 1316 στρατιῶται,
350 1236 429 1310 τοὺς
461 1231 532 1299 οὔτ’
565 1235 680 1320 άρχειν
712 1233 920 1318 δυναμένους
952 1235 1025 1301 οὔτ’
1058 1239 1115 1322 άρ-

96 1345 218 1422 χεσθαι
245 1338 470 1423 βουλομένους
496 1343 641 1417 πολλοὺς
668 1339 722 1406 καί
751 1341 912 1418 αὐθάδεις
937 1343 1036 1418 ὄντας
1059 1341 1115 1407 καὶ
1132 1373 1157 1409 ιο

95 1446 138 1508 τά
162 1445 248 1508 ὅπλα
271 1447 406 1530 ἔχοντας
426 1445 462 1511 έν
480 1451 607 1533 χερσίν,
631 1447 707 1512 οῦτε
725 1450 888 1532 πρότερον
907 1446 1116 1531 ἐβουλόμεθα

0 1618 1 1627 ,
96 1552 208 1636 μάχην
227 1552 408 1618 συνάπτειν
427 1553 504 1618 ούτε
522 1563 587 1618 νῦν
606 1555 653 1618 ἔτι
671 1559 866 1640 θαρσοῦμεν
885 1552 939 1619 έπλ
951 1554 1116 1631 τοιούτοις

97 1657 285 1742 συμμάχοις
316 1660 376 1724 τὸν
407 1655 492 1744 ὑπὲρ
525 1670 591 1724 τῶν
624 1663 790 1744 μεγίστων
816 1641 929 1744 άγῶνα
957 1662 1116 1746 ἄρασθαι,

1 1761 8 1827 ³.
97 1765 143 1848 μη
164 1765 341 1848 κωλύματα
359 1762 415 1830 καὶ
433 1765 555 1850 βλάβαι
574 1764 736 1848 γένωνται
754 1763 824 1844 τοῖς
839 1768 967 1833 ἅπαντα
981 1769 1021 1832 τὰ
1034 1765 1113 1832 καθ’

98 1869 240 1947 ἑαυτοὺς
262 1873 421 1957 πρόθυμα
444 1870 690 1958 παρεχομένοις.
722 1875 754 1938 εί
776 1872 889 1958 μέντοι
912 1873 1074 1939 κάκείνων
1097 1863 1156 1975 6ss

96 1978 181 2053 θεὸς
209 1973 261 2041 ἐπὶ
289 1977 328 2041 τά
351 1980 488 2062 κρείττω
511 1979 571 2043 τὸν
594 1988 678 2044 νοῦν
702 1981 774 2063 άγει
797 1978 875 2045 νυνί
898 1977 996 2064 <καὶ>
1019 2002 1116 2044 κατα-

1 2093 2 2154 }
98 2085 259 2166 βαλόντες
276 2085 314 2148 τὸ
334 2084 520 2167 στασιάζον,
543 2080 601 2168 ὑφ’
620 2079 661 2150 οὗ
682 2087 773 2166 [νῦν]
793 2086 899 2150 πολλὰ
918 2083 972 2150 καὶ
991 2085 1116 2169 μεγάλα

97 2189 276 2274 βλάπτεται
306 2191 344 2255 τὸ
373 2193 506 2274 κοινόν,
535 2191 556 2274 ἢ
583 2214 621 2274 γε
644 2193 692 2273 δη
720 2192 767 2268 είς
793 2193 872 2268 τοῦς
900 2200 957 2276 τῆς
984 2192 1117 2276 εἰρήνης

1 2277 2 2284 ¹
97 2296 345 2380 ἀναβαλόμενοι
367 2297 519 2382 καιρούς,
547 2295 851 2384 ἐπανορθώσασθαι
874 2299 1054 2381 βούλονται
1076 2299 1116 2364 τό

96 2404 312 2486 παρελθόντα
335 2401 448 2486 όνείδη
473 2411 511 2489 τῇ
534 2412 599 2469 νῦν
622 2403 732 2489 ἀρετῇ,
755 2399 860 2488 μηδὲν
884 2407 931 2469 έτι
953 2406 992 2470 τὸ
1010 2408 1116 2470 κωλῦ-
1131 2433 1157 2472 το

98 2525 162 2573 σον
186 2511 269 2573 ἔστω
288 2519 410 2594 χωρεῖν
427 2509 514 2593 ὑμᾶς
532 2508 584 2575 ἐπὶ
602 2513 681 2586 τοὺς
698 2513 889 2594 πολεμίους,
912 2511 969 2590 τὰς
987 2510 1117 2593 ἀγαθάς

32 2612 393 2700 ιιοτπροβαλλομένους
420 2614 564 2692 ἐλπίδας.
609 2617 729 2700 ἔχομεν
756 2612 794 2680 δὲ
820 2618 946 2693 πολλάς
973 2612 1034 2700 μὲν
1061 2614 1149 2689 καὶῖ

1 2759 2 2768 1
99 2722 203 2797 άλλας
229 2719 382 2808 ἀφορμάς
409 2724 456 2798 είς
478 2722 515 2786 τὸ
541 2730 653 2805 νικᾶν,
679 2725 834 2806 μεγίστας
857 2719 894 2788 δὲ
916 2719 972 2788 καὶ
995 2746 1116 2808 κυριω-

100 2827 214 2910 τάτας,
238 2825 277 2903 ἃς
298 2828 336 2892 τὸ
359 2838 426 2893 τῶν
448 2829 617 2910 πολεμίων
641 2827 785 2913 ἀνόητον
806 2829 887 2913 ἡμῖν
910 2827 1060 2915 παρέχει,
1084 2830 1119 2893 οἵ
1179 2884 1185 2887 .

101 2956 137 3015 γε
157 2933 280 3015 πλήθει
300 2942 452 3019 στρατιᾶς
470 2942 584 3022 μακρῷ
603 2935 806 3021 προύχοντες
823 2937 918 3020 ἡμῶν
936 2933 991 3000 καὶ
1009 2935 1115 3023 τούτῳ
1130 2959 1156 3000 τε

174 3120 265 3191 θόρ’
288 3118 404 3188 ἑαυτούς
421 3123 447 3177 Α
539 3133 570 3181 12
596 3134 649 3181 νῦν
668 3127 764 3182 om.B
857 3134 889 3180 13
914 3129 1052 3196 αίρασθαι
1071 3125 1117 3179 Ba

105 3201 136 3249 15
156 3192 208 3263 μέν
227 3193 295 3248 τιΑ
350 3201 383 3248 16
402 3194 465 3264 άγει
483 3196 532 3251 τὸν
551 3206 620 3253 νοῦν
638 3198 703 3252 νυνί
722 3197 910 3271 καταβαλότες
923 3197 949 3251 Α
964 3203 969 3263 Ι
984 3196 1034 3252 καλ
1052 3196 1117 3253 εδδ.
1232 3267 1234 3272 ι

104 3264 229 3320 Sintenis
248 3265 309 3321 Em.
324 3265 406 3320 Dion.
421 3266 497 3322 1135
571 3275 610 3323 17«
623 3277 676 3322 νῦν
695 3269 750 3324 δελ.
769 3268 874 3323 Reiske
949 3274 981 3322 18
1001 3270 1031 3322 εί
1044 3287 1075 3338 γε
1095 3268 1117 3322 Β

104 3339 134 3390 εί
146 3357 178 3408 γε
197 3336 233 3406 δὴ
253 3354 307 3392 om.
327 3336 350 3390 Ο
368 3340 480 3406 praeter
499 3338 521 3390 B
545 3355 614 3393 corr.
634 3339 758 3394 Sintenis
776 3339 795 3395 l.
814 3339 833 3394 1.
908 3345 940 3393 19
959 3339 1075 3410 καιρούς
1093 3338 1120 3394 εί

127 3407 134 3427 ἱ

104 3409 138 3476 δη
158 3404 239 3462 έπαν.
259 3408 284 3460 Α
302 3409 419 3477 καιρούς
436 3403 517 3465 όπαν.
536 3411 559 3463 Β
578 3431 603 3464 κ.
622 3409 678 3479 ἤδη
698 3406 740 3467 έπ.
759 3411 785 3464 R
805 3417 809 3476 Ι
833 3411 968 3483 βούλομαι
985 3410 1012 3464 Α
1083 3418 1116 3465 21

104 3477 216 3548 ἡμᾶςΒ
290 3485 325 3533 24
344 3477 377 3540 ἃς
396 3496 410 3534 ε
430 3496 500 3536 corr.
521 3480 566 3534 Bb
587 3486 592 3551 Ι
612 3481 679 3552 ἡμῖν
698 3499 752 3537 om.
772 3483 794 3535 B
815 3487 820 3552 1
840 3481 1045 3556 ά<νόη>ιονΒ
