2656 3974
556 221 765 274 -Θ-’
1082 217 1147 282 329

63 380 263 451 τενεκαλεῖτέ
288 407 353 467 μον
380 383 443 467 την
468 381 674 467 τόχην,-ἐάν
702 377 740 448 δὲ
766 384 986 467 κεκρατηκότα
1009 391 1076 448 τῶν
1099 381 1151 467 ἐχ·

130 497 240 577 δρῶν,
263 487 409 573 ἀγαθήν·
439 487 515 575 περὶ
538 485 599 573 μὲν
622 482 685 554 οὖν
707 495 765 572 τῆς
787 489 900 572 τύχης,
922 488 983 554 οὐκ
1006 486 1151 572 ἀγνοῶν,

133 597 184 664 ὅτι
201 594 357 682 φορτικοὶ
374 595 495 673 πάντες
512 593 598 662 εἰσὶν
617 593 744 680 οἱπερὶ
762 595 862 679 αὐτῆς
880 593 1043 678 λέγοντες,
1066 597 1152 678 ἔχων

133 706 181 770 ἔτι
203 705 307 770 πλείω
330 701 440 785 λέγειν
462 703 639 786 παύσομαι.

200 808 322 874 XXXI.
342 806 474 892 Ἠιειδὴ
493 804 531 874 δὲ
549 806 604 874 καὶ
622 817 680 893 τῆς
697 809 832 893 γνώμης
849 809 1075 894 κατηγοροῦσί
1084 831 1151 892 μου
1179 827 1193 869 ι

133 917 319 1002 προδοσίαν
337 912 399 1001 μὲν
419 915 460 984 οὐ
480 920 666 1000 τολμῶντες
679 913 847 982 ἐπικαλεῖν
862 911 935 981 οὐδ’
954 913 1152 999 ἀνανδρίαν,

135 1020 186 1110 ἐφ’
213 1014 264 1100 οἷς
291 1023 328 1088 αί
352 1023 434 1088 κατὰ
462 1033 530 1088 τῶν
556 1023 669 1088 ἀλλων
692 1033 885 1107 στρατηγῶν
907 1024 1059 1106 γίνονται
1081 1025 1152 1105 κρί-

136 1148 219 1220 σεις,
245 1129 399 1213 ἀπειρίαν
422 1125 460 1195 δὲ
483 1139 544 1196 τοῦ
567 1140 764 1216 στρατηγεῖν
786 1126 842 1194 καὶ
864 1127 1078 1214 ἀφροσύνην,
1102 1129 1152 1194 ὅτι

134 1239 297 1306 κίνδυνον
318 1233 480 1320 ὑπέμεινα
502 1235 565 1301 οὐκ
587 1234 769 1320 ἀναγκαῖον
788 1232 842 1300 ἐπὶ
862 1236 923 1300 τὸν
941 1235 1067 1320 χάρακα
1085 1245 1153 1300 τῶν

133 1347 303 1428 πολεμίων
330 1343 515 1428 ὠσάμενος,
542 1342 707 1428 βούλομαι
729 1339 883 1426 καὶπερὶ
905 1342 1027 1406 τούτου
1049 1341 1152 1422 λόγον
1168 1359 1196 1399 ιο

13 1513 14 1546 ρ
133 1451 293 1536 ὑποσχεῖν
320 1450 417 1535 ὑμῖν,
444 1453 702 1536 προχειρότατον
727 1445 789 1534 μὲν
810 1444 899 1514 τοῦτ’
928 1450 1013 1532 ἔχων
1035 1448 1154 1529 εἰπεῖν,

13 1549 14 1586 ³
135 1558 186 1624 ότι
213 1560 251 1625 τὸ
276 1553 337 1642 μὲν
360 1550 513 1642 ἐπιτιμᾶν
535 1567 605 1634 τοῖς
626 1554 821 1641 γενομένοις
842 1555 932 1620 πάνυ
955 1540 1076 1642 ῥᾴδιον
1097 1550 1154 1617 καὶ

133 1667 258 1742 παντὸς
280 1663 475 1749 ἀνθρώπου,
498 1665 536 1729 τὸ
560 1659 598 1729 δὲ
615 1663 890 1750 παραβάλλεσθαι
908 1660 1078 1746 πράγμασι
1095 1683 1153 1724 κα-

134 1776 206 1847 λοῖς
224 1771 370 1855 χαλεπὸν
388 1768 443 1836 καὶ
462 1770 598 1852 ὀλίγαν·
622 1768 678 1836 καὶ
701 1768 753 1834 ότι
777 1769 838 1854 οὐχ
862 1769 972 1852 ὥσπερ
995 1768 1036 1832 τά
1058 1785 1154 1850 γεγο-

133 1881 217 1944 νότα
246 1880 415 1962 φαίνεται,
445 1876 544 1942 ὁποῖά
573 1875 680 1960 ἐστιν,
709 1875 797 1942 οὕτω
827 1872 883 1940 καί
910 1874 950 1938 τά
978 1870 1154 1957 μέλλοντα,
1169 1889 1197 1930 ιο

134 1984 235 2050 ὁποῖα
254 1986 358 2049 ἔσται·
382 1979 455 2049 ἀλλ’
477 1981 587 2048 ἐκεῖνα
610 1978 672 2068 μὲν
695 1984 851 2067 αἰσθήσει
873 1977 928 2046 καὶ
951 1979 1074 2045 πάθεσι
1097 2001 1154 2042 κα-

134 2093 433 2175 ταλαμβανόμεθα,
460 2099 564 2156 ταῦτα
591 2087 629 2156 δὲ
656 2092 826 2176 μαντείαις
852 2085 908 2153 καί
931 2085 1044 2164 δόξαις
1066 2085 1154 2150 είκά-

62 2199 246 2283 ιειεζομεν,
267 2197 305 2263 ἐν
323 2189 376 2275 αἷς
392 2199 480 2264 πολὺ
498 2198 536 2262 τὸ
556 2196 738 2280 ἀπατηλόν·
762 2193 817 2262 καὶ
836 2195 888 2266 ότι
907 2193 1032 2281 ῥᾷστον
1051 2190 1154 2258 ἀπάν-

134 2327 204 2370 ταν
232 2302 302 2369 ἐστὶ
329 2307 418 2394 λόγῳ
446 2316 642 2391 στρατηγεῖν
669 2301 835 2388 πολέμους
861 2299 923 2378 ἐξα
951 2309 1012 2365 τοῦ
1038 2300 1154 2365 δεινοῦ

134 2413 333 2496 βεβηκότας,
361 2410 379 2476 ὃ
407 2419 563 2478 ποιοῦσιν
592 2411 627 2476 oc
651 2417 913 2496 κατηγοροῦντες
940 2406 1032 2492 ἐμοῦ.
1078 2385 1197 2500 ἀλλ’,ῗθ

134 2518 193 2584 ἵνα
215 2514 306 2583 ταῦτ’
334 2517 428 2604 ἀφῶ,
456 2515 537 2604 φέρε
560 2518 643 2603 πρὸς
665 2523 757 2582 θεῶν
780 2513 894 2582 εἴπατέ
913 2536 987 2600 μοι,
1009 2516 1111 2598 μόνος
1133 2511 1154 2595 ἢ

74 2619 76 2624 ’
134 2633 267 2710 πρῶτος
292 2622 374 2707 ὑμῖν
402 2621 467 2707 ἐγὼ
494 2625 658 2707 φαίνομαι
685 2622 869 2707 βιάσασθαι
895 2620 1062 2708 φρούριον
1086 2616 1156 2682 ἑπι-

135 2733 321 2815 βαλόμενος
347 2727 403 2794 καί
430 2731 513 2816 πρὸς
538 2727 651 2812 ὑψηλὰ
677 2731 782 2813 χωρία
809 2729 867 2806 τὰς
894 2725 1053 2810 δυνάμεις
1075 2722 1155 2807 ἀγα-

135 2838 222 2920 γών;
253 2835 274 2920 ἢ
300 2840 435 2902 πολλῶν
462 2831 531 2920 μετ’
558 2835 670 2900 ἀλλων
691 2831 861 2921 ὑμετέραν
885 2841 1094 2920 στρατηγῶν,
1121 2827 1154 2907 ἐξ

136 2937 185 3008 ὧν
209 2943 246 3008 σί
267 2939 328 3027 μὲν
351 2943 591 3028 κατώρθωσαν,
612 2951 683 3018 τοῖς
705 2938 736 3005 δ’
754 2940 816 3006 οὐκ
834 2939 1000 3027 ἐχώρησεν
1019 2938 1040 3023 ἡ
1058 2947 1156 3023 πεῖρα
1170 2955 1198 2996 ιε

135 3049 219 3116 κατὰ
247 3057 347 3129 νοῦν;
384 3051 420 3114 τί
445 3045 561 3132 δήποτ’
588 3041 652 3114 οὖν
677 3050 757 3124 τοὺς
783 3049 906 3124 ἀλλους
933 3043 1072 3133 ἀφέντες
1098 3039 1156 3128 ἐμὲ

210 3275 346 3348 Ῑψνχὴν
364 3276 411 3330 Ba
482 3273 594 3346 δέχαν
613 3273 641 3331 δ’
659 3273 743 3330 ἔτιΑ
767 3272 837 3344 ἔχων
856 3271 938 3329 ἔτιΒ
1011 3268 1095 3343 'nv’
1117 3268 1156 3326 ὧν
1253 3340 1257 3348 ¹

136 3349 164 3404 A
246 3354 279 3403 16
303 3345 478 3415 αίσδήσειΒ
503 3346 654 3414 αἰσθήσεσι
671 3349 697 3402 R
769 3351 804 3401 20
821 3343 897 3470 goi>
916 3345 963 3399 Bb
1036 3351 1070 3400 22
1090 3345 1156 3414 ὑμῖν

137 3421 203 3476 add.
222 3419 245 3473 B
262 3422 266 3490 Ι
283 3418 452 3492 βιασάμενος
469 3419 520 3474 Ac
537 3421 543 3488 Ι
563 3414 781 3492 ἐπιβαλλόμενος
797 3415 823 3470 A
923 3423 959 3472 24
977 3413 994 3484 ἢ
1014 3433 1068 3474 om.
1088 3415 1154 3487 Ba}

136 3490 265 3562 μεγάλαν
284 3493 330 3546 Ba
347 3488 408 3561 μετ’
424 3489 558 3546 ἀλλανΒ
658 3524 661 3528 -
