2586 3972
27 250 32 285 Ρ
499 266 595 315 11
632 295 666 304 -
1025 266 1091 333 ιιο

24 305 27 492 Ι
84 421 109 488 δ’
138 423 379 508 ἀναστήσαντες
405 427 462 503 τὰς
489 425 648 510 δυνάμεις
682 424 878 513 ἀπῄεσαν’
861 428 1009 512 εκάτεροι
1037 428 1091 495 ἐπὶ

24 510 26 634 Ι
82 531 117 594 ιδ
146 528 295 616 σφέτερα.
350 533 386 598 οί
413 526 444 598 δ’
476 532 597 598 ὐπατοι
626 533 716 619 παρά
745 529 773 598 τ’
807 533 1002 618 αὐτομόλων
1034 535 1125 602 naza

23 631 25 718 Ι
85 639 300 723 αἰχμαλώτων,
324 642 360 704 οἳ
378 637 456 725 παρ’
478 639 559 705 αὐτὸ
578 642 616 706 τὸ
639 642 741 724 ἔργον
763 638 1007 726 ἀπέδρασαν,’
990 644 1089 707 ακού-

23 743 24 762 ³
85 760 199 830 σαντες,
223 736 278 810 οία
301 743 435 831 κατέσχε
459 747 566 812 λύσσα
584 745 640 812 καί
658 747 861 831 θεοβλάβεια
878 747 919 811 τὰ
937 746 1089 832 πολέμια,

23 855 24 858 ’
84 851 149 916 οὐτε
172 849 397 918 συνεπέθεντο
420 861 466 940 τῷ
489 846 559 918 κατ’
586 852 689 938 εὐχην
712 852 849 918 δοθέντι
872 862 976 942 καιρῷ
999 853 1089 939 τριά-
1117 879 1130 919 ι

22 991 24 1044 Ι
81 979 171 1023 κοντα
202 960 351 1024 σταδίων
379 959 420 1025 οὐ
451 965 569 1026 πλεῖον
602 957 795 1046 ἀπέχοντες,
829 956 898 1026 οὐτ’
932 957 1090 1038 ἀπιόντας

22 1045 128 1202 Ιέδί
113 1064 224 1149 ίωξαν,
248 1059 331 1153 ένχό
354 1068 556 1150 κεκμηκότας
573 1063 630 1131 καὶ
652 1069 854 1152 τραυματίας
876 1063 931 1131 καὶ
955 1067 1090 1150 ὀλίγους

32 1169 110 1239 ιιέκ
127 1177 260 1238 πολλῶν
275 1131 374 1256 <άαλ>
394 1169 557 1250 ἀτάκτους
574 1181 765 1259 χωροῦντας
783 1170 980 1258 ἀκραιφνεῖς
993 1172 1089 1241 αὐτοὶ

21 1281 24 1396 Ι
78 1275 127 1342 καΙ
148 1281 212 1344 σύν
234 1281 349 1368 κόσμφ
372 1275 528 1364 ἑπόμενοι
559 1278 683 1367 ῥαδίως
711 1278 753 1345 ἀν
781 1277 979 1364 διέφθειραν
1006 1297 1089 1346 πασ-

21 1375 23 1482 Ι
79 1386 156 1450 συδί.
201 1385 365 1462 λύσαντες
388 1381 426 1450 δὲ
452 1383 510 1451 καὶ
539 1383 635 1452 αὐτοὶ
665 1388 743 1463 τοὺς
770 1385 915 1471 χάρακας
937 1375 1129 1486 άπῄεσαν4

21 1485 23 1612 Ι
78 1492 119 1568 είς
143 1492 205 1576 την
233 1493 346 1557 πόλιν·
379 1487 437 1556 εἴτ’
472 1491 673 1622 ἀρκούμενοι
703 1499 749 1578 τςό
781 1491 870 1576 παρὰ
894 1499 960 1574 τῆς
988 1492 1089 1577 τύχης

79 1596 207 1665 δοθέντι
231 1597 363 1686 ἀγαθφ,
386 1595 445 1662 εἶτ’
469 1597 511 1663 οὐ
528 1599 739 1675 πιστεύοντες
757 1595 931 1686 ἀνασκήτῳ
951 1607 1087 1684 στρατιᾷ

77 1727 110 1788 τη
142 1702 301 1791 σφετέρᾳ,
340 1710 405 1769 είτε
441 1701 518 1788 περὶ
549 1709 677 1770 πολλοῦ
708 1704 906 1789 ποιούμενοι
937 1706 974 1770 τὸ
1007 1701 1083 1789 μηδ’

20 1805 22 1820 '
77 1809 204 1894 ὀλίγους
230 1821 299 1876 τῶν
327 1807 497 1895 σφετέρων
524 1808 715 1895 ἀποβαλεῖν.
761 1809 959 1896 ἀφικόμενοι
982 1809 1015 1874 δ’
1040 1813 1089 1888 είς

77 1915 131 1999 την
158 1920 259 1983 πόλιν
286 1915 324 1982 έν
347 1916 488 2003 αἰσχύνη
518 1921 623 2003 πολλῇ
652 1913 738 2002 ἦσαν
761 1919 886 1995 δειλίας
909 1916 1012 1995 δόξαν
1034 1915 1087 1982 έπί
1102 1943 1128 1982 ιι

77 2031 117 2108 ιβ
139 2025 226 2112 ἔργφ
249 2025 444 2110 φερόμενοι·
471 2021 527 2088 καὶ
554 2023 715 2109 οὐδεμίαν
739 2023 856 2109 έξοδον
879 2025 927 2089 ἔτι
950 2024 1088 2107 ποιησά-

78 2151 165 2210 μενοι
183 2128 375 2215 παρέδοσαν
393 2142 464 2207 τοϊς
481 2127 558 2214 μεθ’
582 2128 721 2207 ἑαυτοὺς
738 2129 876 2207 ὑπάτοις
893 2131 955 2213 τὴν
973 2128 1087 2216 ἀρχήν.

136 2235 277 2303 LXIIII.
320 2240 373 2325 Τῷ
397 2234 428 2302 δ’
455 2233 528 2320 ἑξῆς
551 2234 690 2326 ένιαυτβ
714 2237 814 2314 Γάϊος
836 2233 899 2321 μὲν
916 2231 1089 2313 Ἀκύλλιος

78 2340 125 2407 καὶ
148 2347 244 2421 Τίτος
262 2347 411 2428 Σίκκιος,
433 2344 554 2429 ἀνδρες
572 2346 722 2430 ἔμπειροι
740 2341 906 2428 πολέμων,
924 2343 985 2427 την
1002 2343 1087 2409 ὐπα-

78 2452 161 2514 τείαν
192 2452 450 2535 παρειλήφεσαν.
500 2449 520 2534 η
551 2445 589 2515 δδ
621 2451 727 2534 βουλὴ
759 2446 958 2530 προθέντων
985 2453 1087 2534 λόγον
1102 2477 1128 2517 ιο

78 2553 147 2640 περὶ
168 2566 229 2622 τοῦ
252 2555 400 2640 πολέμου
417 2567 484 2622 τῶν
502 2556 638 2622 ὑπάτων
656 2567 789 2641 πρῶτον
808 2554 991 2641 ἐψηφίσατο
1010 2577 1088 2642 πρε-

79 2663 186 2744 σβείαν
208 2661 335 2746 πέμύαι
358 2665 441 2748 πρὸς
453 2661 610 2748 Ἕρνικας
632 2663 838 2746 αίτήσονσαν
859 2662 904 2738 ὡς
925 2661 1014 2747 παρὰ
1032 2664 1088 2745 φί-

79 2770 141 2833 λων
166 2793 201 2835 τε
229 2767 285 2836 καὶ
313 2767 509 2836 ἐνσπόνδων
536 2769 631 2845 δίκας
653 2771 830 2853 νομίμους·
858 2768 995 2852 ἠδίκητο
1023 2767 1086 2852 γὰρ

23 2872 96 2956 ιιιιὴ
117 2878 209 2954 πόλις
231 2872 289 2941 ὑπ’
316 2875 426 2941 αὐτῶν
449 2876 531 2941 κατὰ
554 2875 615 2959 την
640 2875 865 2941 Οὐολούσκων
889 2897 923 2940 τε
948 2871 1003 2939 καί
1027 2876 1088 2938 Αί-

53 2995 57 3010 ·
79 2994 182 3049 κανῶν
205 2982 434 3068 ἐπιστρατείαν
457 2985 622 3068 λῃστείαις
650 3003 686 3047 τε
708 2979 764 3046 καὶ
786 2983 1009 3068 καταδρομαῖς
1030 2989 1088 3064 τῆς
1101 3005 1128 3047 ιι

80 3085 258 3174 ὁμορούσης
285 3089 399 3166 αὐτοῖς
425 3095 497 3171 γῆς·
530 3086 592 3164 ἕως
624 3083 654 3152 δ’
686 3086 729 3153 δν
756 3088 814 3164 τάς
840 3084 918 3172 παρ’
950 3085 1087 3152 έκείνων

81 3193 217 3278 λάβωσιν
240 3195 442 3282 ἀποκρίσεις,
466 3194 623 3281 στρατιὰν
647 3191 730 3278 ὅσην
749 3194 911 3258 δύνανται
929 3196 1086 3278 πλείστην

80 3304 293 3389 καταγράφειν
320 3303 399 3379 τοὺς
426 3299 573 3377 ὑπάτους
600 3297 655 3364 καί
682 3302 761 3376 τοὺς
789 3299 983 3384 συμμάχους
1009 3321 1088 3386 πρε-

145 3535 160 3582 8
177 3531 226 3585 καὶ
245 3528 310 3584 add.
329 3527 433 3583 Roiske
