2674 3978
548 319 710 368 -Ζ·-
1094 317 1136 381 21

117 499 225 575 μενος.
263 475 410 560 ἐδήλωσε
434 473 471 543 δὲ
489 478 551 561 την
568 476 759 564 ὑπερβολὴν
777 485 834 562 τῆς
852 487 1026 565 συμφορᾶς
1044 480 1175 556 πόλις5

118 581 282 667 ἐπιφανὴς
313 593 382 648 τῶν
416 583 655 668 Οὐολούσκων,
690 581 867 671 Οὐέλιτραι
900 586 1007 668 ὄνομα
1042 585 1139 671 αὐτῇ,

118 688 244 773 μεγάλη
263 711 299 753 τε
321 686 377 754 καί
399 689 667 773 πολυάνθρωπος
691 684 775 756 οὐσα
797 689 893 775 τέως,
919 685 959 774 ης
982 691 999 757 ὁ
1023 694 1138 776 λοιμὸς

53 798 200 879 1341μίαν
227 794 420 861 ὑπελείπετο
448 807 569 880 μοῖραν
597 796 634 862 ἐκ
664 808 732 862 τῶν
760 797 857 882 δέκα,
888 798 946 874 τὰς
973 795 1004 862 δ’
1036 799 1139 875 άλλας

118 903 299 986 ὑπολαβὼν
318 901 490 987 ἀπήνεγκε.
527 907 744 982 τελευτῶντες
760 898 791 970 δ’
809 899 872 970 οὐν
887 905 960 970 ὅσοι
974 912 1135 990 περιῆσαν
1164 927 1177 968 τ

119 1008 154 1074 ἐκ
182 1017 242 1092 τῆς
273 1018 447 1095 συμφορᾶς
477 1011 763 1096 πρεσβευσάμενοι
785 1008 957 1097 Ῥωμαίοις
989 1013 1138 1099 ἔφρασαν

118 1117 179 1200 την
204 1115 345 1201 ἐρημίαν
366 1114 423 1182 καί
444 1115 635 1202 παρέδοσαν
655 1119 718 1202 την
736 1121 845 1186 πόλιν.
882 1121 999 1204 ἔτυχον
1023 1115 1060 1183 δὲ
1082 1115 1138 1184 καί

117 1225 283 1309 πρότερον
311 1221 465 1300 ἐποίκους
497 1222 533 1288 ἐκ
562 1233 620 1308 της
641 1221 767 1309 Ῥώμης
795 1225 982 1310 εἰληφότες,
1010 1221 1067 1310 ἀφ’
1099 1219 1139 1308 ης

119 1330 226 1406 αἰτίας
248 1327 303 1394 καί
325 1331 364 1395 τὸ
387 1329 546 1416 δεύτερον
570 1333 674 1412 [τοὺς]
698 1331 905 1416 κληρούχους
926 1328 1003 1416 παρ’
1026 1330 1137 1397 αὐτῶν

118 1433 233 1520 ᾔτουν.
1151 1458 1178 1498 ιο

186 1540 279 1606 XIII.
317 1545 426 1608 Ταῦτα
449 1555 519 1619 τοῖς
536 1540 708 1626 Ῥωμαίοις
725 1549 874 1627 μαθοῦσι
893 1550 952 1626 τῆς
970 1538 1031 1626 μὲν
1056 1558 1138 1626 συμ-

119 1656 228 1734 φορᾶς
246 1641 355 1725 οἶκτος
373 1644 489 1735 εἰσῄει,
507 1645 563 1714 καὶ
582 1644 684 1715 οὐδὲν
700 1647 807 1736 ςόοντο
827 1650 900 1715 δεῖν
918 1659 988 1725 τοῖς
1002 1647 1138 1734 ἐχθροῖς

120 1752 172 1819 ἐπὶ
195 1754 363 1831 τοιαύταις
384 1756 498 1841 τύχαις
517 1765 743 1839 μνησικακεῖν,
767 1754 812 1832 ὡς
835 1755 950 1831 ἰκανδς
974 1755 1137 1820 δεδωκόσι

118 1873 188 1938 τοῖς
209 1867 305 1938 θεοῖς
327 1857 410 1947 ὑπὲρ
429 1872 525 1947 σφῶν
544 1861 639 1938 δίκας
657 1857 734 1925 ἀνθ’
759 1853 807 1926 ὧν
826 1861 965 1944 ἔμελλον
984 1860 1136 1947 δράσειν

121 1968 301 2054 Οὐελίτρας
334 1965 371 2034 δὲ
401 1967 674 2055 παραλαμβάνειν
707 1966 816 2032 ἐδόκει
847 1968 1043 2052 κληρούχων
1076 1967 1137 2032 οὐκ
1151 1987 1177 2029 ιε

118 2074 243 2157 ὀλίγων
266 2073 432 2159 ἀποστολῇ
455 2074 625 2139 πολλάτὰ
649 2071 862 2159 συμφέροντα
885 2071 921 2138 ἐκ
948 2082 1009 2139 τοῦ
1032 2073 1137 2157 πράγ-

118 2204 220 2264 ματος
243 2178 530 2264 ἐπιλογιζομένοις.
566 2182 605 2245 τό
629 2202 663 2244 τε
682 2179 746 2265 γάρ
764 2183 888 2266 χωρίον
912 2179 1028 2244 ἰκανὸν
1050 2173 1172 2249 εἰναι2

119 2285 272 2372 ἐφαίνετο
295 2291 426 2372 φυλακῇ
444 2284 601 2374 άξιόχρεφ
620 2281 836 2371 καταληφθὲν
855 2276 906 2362 οἷς
924 2284 966 2351 άν
984 2289 1138 2373 νεωτερί-

119 2396 185 2471 ζειν
208 2392 230 2477 ἢ
253 2404 447 2477 παρακινεῖν
469 2415 501 2457 τι
524 2389 743 2476 βουλομένοις
771 2384 793 2478 ᾖ
816 2389 901 2476 με’γα
922 2393 1059 2476 κώλυμα
1081 2389 1136 2458 καὶ

58 2499 281 2584 1342ἐμπόδιον
307 2495 406 2564 εἰναι·
435 2499 455 2582 ἥ
478 2495 509 2564 τ’
535 2498 657 2585 ἀπορία
684 2506 742 2582 της
764 2508 888 2584 τροφῆς
910 2498 931 2583 ἡ
955 2497 1136 2586 κατέχουσα
1150 2521 1176 2560 εο

118 2608 178 2690 τὴν
215 2608 315 2676 πόλιν
352 2605 393 2671 οὐ
429 2603 507 2691 παρ’
543 2605 659 2689 ὀλίγον
696 2604 897 2692 μετριωτέρα
934 2608 1138 2690 γενησεσθαι

119 2699 345 2797 ὑπωπτεύετο,
372 2714 405 2777 εἰ
425 2715 602 2796 μετασταίη
625 2736 675 2788 τις
703 2711 736 2790 ἐξ
760 2711 862 2797 αὐτῆς
884 2711 949 2777 άπὸ
972 2721 1032 2778 τοῦ
1055 2712 1138 2792 πλη-

118 2825 203 2896 θους
226 2828 327 2903 μοῖρα
349 2817 531 2903 άξιόλογος.
569 2819 709 2903 μάλιστα
733 2816 763 2884 δ’
786 2818 807 2901 ἡ
832 2819 945 2895 στάσις
964 2816 1136 2902 ἀναρριπι-

120 2923 254 3010 ζομένη,
280 2923 361 3011 πρὶν
389 2923 409 3008 ἢ
436 2932 628 2990 πεπαῦσθαι
661 2929 770 3002 καλῶς
797 2927 845 2989 ἔτι
872 2926 934 3008 τὴν
960 2920 1136 3009 προτέραν,

119 3031 237 3114 ἕνῆῖὸν
261 3030 382 3106 αὐτοὺς
404 3034 606 3116 ψηφίζεσθαι
628 3033 689 3097 τὸν
712 3030 905 3097 ἀπόστολον.
935 3029 1037 3096 πάλιν
1058 3008 1175 3123 γάρ,ζ)5

120 3138 229 3222 ὥσπερ
252 3135 308 3200 καὶ
330 3139 506 3222 πρότερον,
529 3137 547 3203 ὅ
571 3138 677 3222 δῆμος
698 3137 869 3224 ἠρεθίζετο
888 3135 944 3202 καλ
962 3133 1006 3202 δι’
1033 3136 1136 3222 ὀργῆς

190 3301 205 3345 2
228 3288 357 3358 Οἰόντρα
374 3291 400 3344 Α
430 3290 612 3367 Οὐέντρ<αι>
634 3293 681 3348 Bb
711 3311 794 3364 saepe
886 3290 1062 3362 ὅάπήνεγκε
1086 3291 1135 3346 καί

119 3368 299 3426 τελευτῶντες
318 3360 347 3416 δ’
368 3359 419 3418 οὐν
438 3363 464 3416 A
492 3375 495 3424 Ι
521 3363 550 3418 δ’
571 3365 624 3421 del.
644 3363 748 3419 Reiske
839 3372 855 3420 9
874 3366 938 3428 τούς
957 3363 1011 3418 del.
1031 3363 1134 3417 Reiske

120 3441 151 3488 12
170 3434 220 3489 καὶ
238 3435 272 3488 οὐ
291 3435 352 3487 δεῖν
372 3431 459 3506 ᾤοντο
479 3434 557 3488 ABG
576 3435 625 3489 καὶ
644 3436 728 3492 οὐδὲν
748 3434 778 3510 ᾤ.
798 3435 881 3507 Gmg.
901 3453 969 3491 corr.
988 3433 1135 3502 Kiessling

121 3511 152 3558 15
171 3503 387 3577 ἀναλαμβάνειν
405 3522 428 3561 ο.
449 3505 551 3560 Reiske
625 3511 657 3559 19
675 3501 707 3580 ᾖ]
726 3506 744 3576 ἢ
764 3508 815 3562 ΑΒ
888 3513 922 3561 22
941 3504 1133 3578 μεταστ<αι>η

118 3575 164 3630 Bb
237 3581 273 3629 24
291 3573 377 3646 πρινὴ
395 3576 418 3628 Β
491 3582 526 3630 26
544 3577 593 3632 τόν
613 3576 710 3633 στόλον
729 3595 752 3634 ο.
771 3577 915 3645 Kiessling
