<?xml version="1.0" encoding="UTF-8"?>
<!DOCTYPE html PUBLIC "-//W3C//DTD XHTML 1.0 Transitional//EN"
    "http://www.w3.org/TR/xhtml1/DTD/xhtml1-transitional.dtd">
<html xmlns="http://www.w3.org/1999/xhtml" xml:lang="en" lang="en">
 <head>
  <title>
</title>
<meta http-equiv="Content-Type" content="text/html;charset=utf-8" />
  <meta name='ocr-system' content='tesseract 3.04.00' />
  <meta name='ocr-capabilities' content='ocr_page ocr_carea ocr_par ocr_line ocrx_word'/>
</head>
<body>
  <div class='ocr_page' id='page_1' title='image "./dionysihalicarn00unkngoog/dionysihalicarn00unkngoog_0290.png"; bbox 0 0 2586 3972; ppageno 0'>
   <div class='ocr_carea' id='block_1_1' title="bbox 185 219 777 282">
    <p class='ocr_par' dir='ltr' id='par_1_1' title="bbox 185 219 777 282">
     <span class='ocr_line' id='line_1_1' title="bbox 185 219 777 282; baseline 0 0"><span class='ocrx_word' id='word_1_1' title='bbox 185 219 251 282; x_wconf 79' lang='lat'><strong><em>272</em></strong></span> <span class='ocrx_word' id='word_1_2' title='bbox 609 219 777 272; x_wconf 87' lang='grc' dir='ltr'><strong><em>-Θ-</em></strong></span> 
     </span>
    </p>
   </div>
   <div class='ocr_carea' id='block_1_2' title="bbox 105 378 1284 2913">
    <p class='ocr_par' dir='ltr' id='par_1_2' title="bbox 145 378 1201 785">
     <span class='ocr_line' id='line_1_2' title="bbox 184 378 1200 468; baseline 0 -22"><span class='ocrx_word' id='word_1_3' title='bbox 184 381 395 464; x_wconf 76' lang='grc' dir='ltr'><em>Καλλιάδου,</em></span> <span class='ocrx_word' id='word_1_4' title='bbox 426 378 503 445; x_wconf 81' lang='grc' dir='ltr'><strong><em>καθ’</em></strong></span> <span class='ocrx_word' id='word_1_5' title='bbox 536 379 576 446; x_wconf 87' lang='grc' dir='ltr'><strong><em>ὃν</em></strong></span> <span class='ocrx_word' id='word_1_6' title='bbox 608 383 732 467; x_wconf 92' lang='grc' dir='ltr'><strong><em>χρόνον</em></strong></span> <span class='ocrx_word' id='word_1_7' title='bbox 766 379 959 464; x_wconf 80' lang='grc' dir='ltr'><strong><em>ἐστράτευσε</em></strong></span> <span class='ocrx_word' id='word_1_8' title='bbox 993 379 1116 468; x_wconf 74' lang='grc' dir='ltr'><strong><em>Ξέρξης</em></strong></span> <span class='ocrx_word' id='word_1_9' title='bbox 1147 379 1200 447; x_wconf 79' lang='grc' dir='ltr'><strong><em>ἐπὶ</em></strong></span> 
     </span>
     <span class='ocr_line' id='line_1_3' title="bbox 145 483 1201 574; baseline -0.001 -20"><span class='ocrx_word' id='word_1_10' title='bbox 145 488 246 572; x_wconf 81' lang='grc' dir='ltr'><strong><em>2τήυ</em></strong></span> <span class='ocrx_word' id='word_1_11' title='bbox 259 485 411 552; x_wconf 84' lang='grc' dir='ltr'><strong><em>Ἑλλάδα.</em></strong></span> <span class='ocrx_word' id='word_1_12' title='bbox 449 488 523 573; x_wconf 88' lang='grc' dir='ltr'><strong><em>άρτι</em></strong></span> <span class='ocrx_word' id='word_1_13' title='bbox 548 483 585 552; x_wconf 74' lang='grc' dir='ltr'><strong><em>δὲ</em></strong></span> <span class='ocrx_word' id='word_1_14' title='bbox 607 490 862 573; x_wconf 76' lang='grc' dir='ltr'><strong><em>παρειληφότων</em></strong></span> <span class='ocrx_word' id='word_1_15' title='bbox 886 488 997 554; x_wconf 81' lang='grc' dir='ltr'><strong><em>αὐτῶν</em></strong></span> <span class='ocrx_word' id='word_1_16' title='bbox 1016 488 1078 571; x_wconf 83' lang='grc' dir='ltr'><strong><em>τήν</em></strong></span> <span class='ocrx_word' id='word_1_17' title='bbox 1096 486 1201 574; x_wconf 79' lang='grc' dir='ltr'><strong><em>ἀρχὴν</em></strong></span> 
     </span>
     <span class='ocr_line' id='line_1_4' title="bbox 186 586 1201 679; baseline 0.002 -21"><span class='ocrx_word' id='word_1_18' title='bbox 186 596 342 658; x_wconf 84' lang='grc' dir='ltr'><strong><em>Λατίνων</em></strong></span> <span class='ocrx_word' id='word_1_19' title='bbox 370 615 405 658; x_wconf 89' lang='grc' dir='ltr'><strong><em>τε</em></strong></span> <span class='ocrx_word' id='word_1_20' title='bbox 431 591 586 679; x_wconf 76' lang='grc' dir='ltr'><strong><em>πρέσβεις</em></strong></span> <span class='ocrx_word' id='word_1_21' title='bbox 612 586 696 675; x_wconf 78' lang='grc' dir='ltr'><strong><em>ἧκον</em></strong></span> <span class='ocrx_word' id='word_1_22' title='bbox 725 590 778 657; x_wconf 78' lang='grc' dir='ltr'><strong><em>ἐπὶ</em></strong></span> <span class='ocrx_word' id='word_1_23' title='bbox 808 594 870 676; x_wconf 82' lang='grc' dir='ltr'><strong><em>τήν</em></strong></span> <span class='ocrx_word' id='word_1_24' title='bbox 897 595 1025 678; x_wconf 83' lang='grc' dir='ltr'><strong><em>βουλήν</em></strong></span> <span class='ocrx_word' id='word_1_25' title='bbox 1049 596 1201 679; x_wconf 89' lang='grc' dir='ltr'><strong><em>δεόμενοι</em></strong></span> 
     </span>
     <span class='ocr_line' id='line_1_5' title="bbox 184 697 1200 785; baseline 0.003 -21"><span class='ocrx_word' id='word_1_26' title='bbox 184 697 310 783; x_wconf 74' lang='grc' dir='ltr'><strong><em>πέμψαι</em></strong></span> <span class='ocrx_word' id='word_1_27' title='bbox 334 702 429 784; x_wconf 89' lang='grc' dir='ltr'><strong><em>σφίσι</em></strong></span> <span class='ocrx_word' id='word_1_28' title='bbox 451 701 511 765; x_wconf 90' lang='grc' dir='ltr'><strong><em>τὸν</em></strong></span> <span class='ocrx_word' id='word_1_29' title='bbox 531 697 644 785; x_wconf 79' lang='grc' dir='ltr'><strong><em>ἕτερον</em></strong></span> <span class='ocrx_word' id='word_1_30' title='bbox 661 709 729 764; x_wconf 82' lang='grc' dir='ltr'><strong><em>τῶν</em></strong></span> <span class='ocrx_word' id='word_1_31' title='bbox 752 698 888 764; x_wconf 87' lang='grc' dir='ltr'><strong><em>ὑπάτων</em></strong></span> <span class='ocrx_word' id='word_1_32' title='bbox 912 701 992 784; x_wconf 83' lang='grc' dir='ltr'><strong><em>μετὰ</em></strong></span> <span class='ocrx_word' id='word_1_33' title='bbox 1016 700 1200 785; x_wconf 90' lang='grc' dir='ltr'><strong><em>δυνάμεως,</em></strong></span> 
     </span>
    </p>

    <p class='ocr_par' dir='ltr' id='par_1_3' title="bbox 105 804 1203 1316">
     <span class='ocr_line' id='line_1_6' title="bbox 105 804 1200 891; baseline 0.003 -21"><span class='ocrx_word' id='word_1_34' title='bbox 105 823 108 830; x_wconf 87' lang='grc'><strong>’</strong></span> <span class='ocrx_word' id='word_1_35' title='bbox 160 805 224 883; x_wconf 75' lang='grc' dir='ltr'><strong><em>οὓς</em></strong></span> <span class='ocrx_word' id='word_1_36' title='bbox 253 807 315 872; x_wconf 87' lang='grc' dir='ltr'><strong><em>οὐκ</em></strong></span> <span class='ocrx_word' id='word_1_37' title='bbox 345 805 435 870; x_wconf 88' lang='grc' dir='ltr'><strong><em>ἐάσει</em></strong></span> <span class='ocrx_word' id='word_1_38' title='bbox 463 804 663 891; x_wconf 81' lang='grc' dir='ltr'><strong><em>προσωτέρω</em></strong></span> <span class='ocrx_word' id='word_1_39' title='bbox 690 818 812 891; x_wconf 90' lang='grc' dir='ltr'><strong><em>χωρεῖν</em></strong></span> <span class='ocrx_word' id='word_1_40' title='bbox 839 806 900 889; x_wconf 83' lang='grc' dir='ltr'><strong><em>τήν</em></strong></span> <span class='ocrx_word' id='word_1_41' title='bbox 923 807 1082 873; x_wconf 78' lang='grc' dir='ltr'><strong><em>Αἰκανῶν</em></strong></span> <span class='ocrx_word' id='word_1_42' title='bbox 1104 831 1200 873; x_wconf 91' lang='grc' dir='ltr'><strong><em>κατα-</em></strong></span> 
     </span>
     <span class='ocr_line' id='line_1_7' title="bbox 186 909 1201 999; baseline 0.003 -22"><span class='ocrx_word' id='word_1_43' title='bbox 186 914 368 998; x_wconf 83' lang='grc' dir='ltr'><strong><em>φρόνησιν,</em></strong></span> <span class='ocrx_word' id='word_1_44' title='bbox 400 909 455 976; x_wconf 83' lang='grc' dir='ltr'><strong><em>καὶ</em></strong></span> <span class='ocrx_word' id='word_1_45' title='bbox 489 914 657 998; x_wconf 85' lang='grc' dir='ltr'><strong><em>Τυρρηνία</em></strong></span> <span class='ocrx_word' id='word_1_46' title='bbox 684 920 773 977; x_wconf 86' lang='grc' dir='ltr'><strong><em>πᾶσα</em></strong></span> <span class='ocrx_word' id='word_1_47' title='bbox 800 909 977 996; x_wconf 74' lang='grc' dir='ltr'><strong><em>ἠγγέλλετο</em></strong></span> <span class='ocrx_word' id='word_1_48' title='bbox 1005 913 1201 999; x_wconf 79' lang='grc' dir='ltr'><strong><em>κεκινημένη</em></strong></span> 
     </span>
     <span class='ocr_line' id='line_1_8' title="bbox 186 1015 1201 1106; baseline 0.004 -24"><span class='ocrx_word' id='word_1_49' title='bbox 186 1015 241 1082; x_wconf 79' lang='grc' dir='ltr'><strong><em>καί</em></strong></span> <span class='ocrx_word' id='word_1_50' title='bbox 264 1017 305 1083; x_wconf 88' lang='grc' dir='ltr'><strong><em>οὐ</em></strong></span> <span class='ocrx_word' id='word_1_51' title='bbox 329 1018 385 1083; x_wconf 86' lang='grc' dir='ltr'><strong><em>διά</em></strong></span> <span class='ocrx_word' id='word_1_52' title='bbox 408 1026 538 1104; x_wconf 86' lang='grc' dir='ltr'><strong><em>μακροῦ</em></strong></span> <span class='ocrx_word' id='word_1_53' title='bbox 561 1019 759 1105; x_wconf 78' lang='grc' dir='ltr'><strong><em>χωρήσουσα</em></strong></span> <span class='ocrx_word' id='word_1_54' title='bbox 778 1019 826 1095; x_wconf 91' lang='grc' dir='ltr'><strong><em>είς</em></strong></span> <span class='ocrx_word' id='word_1_55' title='bbox 847 1021 1002 1103; x_wconf 89' lang='grc' dir='ltr'><strong><em>πόλεμον.</em></strong></span> <span class='ocrx_word' id='word_1_56' title='bbox 1049 1022 1201 1106; x_wconf 75' lang='grc' dir='ltr'><strong><em>συνήχδη</em></strong></span> 
     </span>
     <span class='ocr_line' id='line_1_9' title="bbox 186 1123 1202 1210; baseline 0.004 -22"><span class='ocrx_word' id='word_1_57' title='bbox 186 1124 250 1210; x_wconf 85' lang='grc' dir='ltr'><strong><em>γάρ</em></strong></span> <span class='ocrx_word' id='word_1_58' title='bbox 274 1125 323 1201; x_wconf 89' lang='grc' dir='ltr'><strong><em>είς</em></strong></span> <span class='ocrx_word' id='word_1_59' title='bbox 345 1123 463 1206; x_wconf 85' lang='grc' dir='ltr'><strong><em>κοινήν</em></strong></span> <span class='ocrx_word' id='word_1_60' title='bbox 487 1123 664 1208; x_wconf 74' lang='grc' dir='ltr'><strong><em>ἐκκλησίαν</em></strong></span> <span class='ocrx_word' id='word_1_61' title='bbox 686 1126 724 1189; x_wconf 89' lang='grc' dir='ltr'><strong><em>τὸ</em></strong></span> <span class='ocrx_word' id='word_1_62' title='bbox 748 1127 861 1208; x_wconf 75' lang='grc' dir='ltr'><strong><em>ἔθνος,</em></strong></span> <span class='ocrx_word' id='word_1_63' title='bbox 883 1123 1065 1191; x_wconf 77' lang='grc' dir='ltr'><strong><em>καὶπολλὰ</em></strong></span> <span class='ocrx_word' id='word_1_64' title='bbox 1085 1127 1202 1192; x_wconf 85' lang='grc' dir='ltr'><strong><em>Οὐιεν-</em></strong></span> 
     </span>
     <span class='ocr_line' id='line_1_10' title="bbox 187 1227 1203 1316; baseline 0.003 -21"><span class='ocrx_word' id='word_1_65' title='bbox 187 1241 297 1297; x_wconf 82' lang='grc' dir='ltr'><strong><em>τανῶν</em></strong></span> <span class='ocrx_word' id='word_1_66' title='bbox 330 1227 522 1314; x_wconf 73' lang='grc' dir='ltr'><strong><em>δεηθέντων</em></strong></span> <span class='ocrx_word' id='word_1_67' title='bbox 549 1230 763 1316; x_wconf 79' lang='grc' dir='ltr'><strong><em>συνάρασθαι</em></strong></span> <span class='ocrx_word' id='word_1_68' title='bbox 795 1233 889 1316; x_wconf 89' lang='grc' dir='ltr'><strong><em>σφίσι</em></strong></span> <span class='ocrx_word' id='word_1_69' title='bbox 925 1240 985 1297; x_wconf 89' lang='grc' dir='ltr'><strong><em>τοῦ</em></strong></span> <span class='ocrx_word' id='word_1_70' title='bbox 1016 1233 1100 1298; x_wconf 84' lang='grc' dir='ltr'><strong><em>κατά</em></strong></span> <span class='ocrx_word' id='word_1_71' title='bbox 1129 1229 1203 1298; x_wconf 87' lang='grc' dir='ltr'><strong><em>Ῥω-</em></strong></span> 
     </span>
    </p>

    <p class='ocr_par' dir='ltr' id='par_1_4' title="bbox 147 1334 1284 1848">
     <span class='ocr_line' id='line_1_11' title="bbox 147 1334 1203 1423; baseline 0.006 -24"><span class='ocrx_word' id='word_1_72' title='bbox 147 1360 174 1400; x_wconf 83' lang='grc' dir='ltr'><strong><em>ιο</em></strong></span> <span class='ocrx_word' id='word_1_73' title='bbox 187 1340 295 1421; x_wconf 92' lang='grc' dir='ltr'><strong><em>μαίων</em></strong></span> <span class='ocrx_word' id='word_1_74' title='bbox 322 1334 487 1422; x_wconf 85' lang='grc' dir='ltr'><strong><em>πολέμου,</em></strong></span> <span class='ocrx_word' id='word_1_75' title='bbox 514 1335 607 1414; x_wconf 80' lang='grc' dir='ltr'><strong><em>τέλος</em></strong></span> <span class='ocrx_word' id='word_1_76' title='bbox 634 1335 809 1421; x_wconf 77' lang='grc' dir='ltr'><strong><em>ἐξήνεγκεν</em></strong></span> <span class='ocrx_word' id='word_1_77' title='bbox 837 1336 959 1415; x_wconf 85' lang='grc' dir='ltr'><strong><em>ἐξεῖναι</em></strong></span> <span class='ocrx_word' id='word_1_78' title='bbox 986 1349 1056 1415; x_wconf 88' lang='grc' dir='ltr'><strong><em>τοῖς</em></strong></span> <span class='ocrx_word' id='word_1_79' title='bbox 1083 1343 1203 1423; x_wconf 81' lang='grc' dir='ltr'><strong><em>βουλο-</em></strong></span> 
     </span>
     <span class='ocr_line' id='line_1_12' title="bbox 186 1440 1202 1529; baseline 0.004 -22"><span class='ocrx_word' id='word_1_80' title='bbox 186 1441 301 1528; x_wconf 81' lang='grc' dir='ltr'><strong><em>μένοις</em></strong></span> <span class='ocrx_word' id='word_1_81' title='bbox 328 1445 511 1528; x_wconf 76' lang='grc' dir='ltr'><strong><em>Τυρρηνῶν</em></strong></span> <span class='ocrx_word' id='word_1_82' title='bbox 535 1440 682 1528; x_wconf 88' lang='grc' dir='ltr'><strong><em>μετέχειν</em></strong></span> <span class='ocrx_word' id='word_1_83' title='bbox 705 1450 763 1526; x_wconf 86' lang='grc' dir='ltr'><strong><em>τής</em></strong></span> <span class='ocrx_word' id='word_1_84' title='bbox 786 1446 969 1529; x_wconf 77' lang='grc' dir='ltr'><strong><em>στρατείας·</em></strong></span> <span class='ocrx_word' id='word_1_85' title='bbox 993 1442 1049 1509; x_wconf 83' lang='grc' dir='ltr'><strong><em>καὶ</em></strong></span> <span class='ocrx_word' id='word_1_86' title='bbox 1073 1443 1202 1527; x_wconf 86' lang='grc' dir='ltr'><strong><em>ἐγένετο</em></strong></span> 
     </span>
     <span class='ocr_line' id='line_1_13' title="bbox 186 1546 1204 1635; baseline 0.004 -22"><span class='ocrx_word' id='word_1_87' title='bbox 186 1547 257 1635; x_wconf 81' lang='grc' dir='ltr'><strong><em>χεὶρ</em></strong></span> <span class='ocrx_word' id='word_1_88' title='bbox 286 1547 462 1634; x_wconf 77' lang='grc' dir='ltr'><strong><em>ἀξιόμαχος</em></strong></span> <span class='ocrx_word' id='word_1_89' title='bbox 487 1549 509 1632; x_wconf 84' lang='grc' dir='ltr'><strong><em>ή</em></strong></span> <span class='ocrx_word' id='word_1_90' title='bbox 537 1559 607 1626; x_wconf 86' lang='grc' dir='ltr'><strong><em>τοῖς</em></strong></span> <span class='ocrx_word' id='word_1_91' title='bbox 632 1548 848 1626; x_wconf 79' lang='grc' dir='ltr'><strong><em>Οὐιεντανοῖς</em></strong></span> <span class='ocrx_word' id='word_1_92' title='bbox 876 1546 1035 1628; x_wconf 82' lang='grc' dir='ltr'><strong><em>ἑκουσίως</em></strong></span> <span class='ocrx_word' id='word_1_93' title='bbox 1061 1561 1124 1617; x_wconf 91' lang='grc' dir='ltr'><strong><em>τοῦ</em></strong></span> <span class='ocrx_word' id='word_1_94' title='bbox 1147 1573 1204 1616; x_wconf 90' lang='grc' dir='ltr'><strong><em>πο-</em></strong></span> 
     </span>
     <span class='ocr_line' id='line_1_14' title="bbox 187 1653 1203 1742; baseline 0.004 -23"><span class='ocrx_word' id='word_1_95' title='bbox 187 1653 290 1738; x_wconf 92' lang='grc' dir='ltr'><strong><em>λέμου</em></strong></span> <span class='ocrx_word' id='word_1_96' title='bbox 327 1653 550 1742; x_wconf 91' lang='grc' dir='ltr'><strong><em>συναραμένη.</em></strong></span> <span class='ocrx_word' id='word_1_97' title='bbox 609 1663 711 1720; x_wconf 86' lang='grc' dir='ltr'><strong><em>ταῦτα</em></strong></span> <span class='ocrx_word' id='word_1_98' title='bbox 747 1662 896 1740; x_wconf 72' lang='grc' dir='ltr'><strong><em>μαθοῦσι</em></strong></span> <span class='ocrx_word' id='word_1_99' title='bbox 932 1667 1002 1734; x_wconf 88' lang='grc' dir='ltr'><strong><em>τοῖς</em></strong></span> <span class='ocrx_word' id='word_1_100' title='bbox 1039 1655 1077 1723; x_wconf 85' lang='grc' dir='ltr'><strong><em>ἐν</em></strong></span> <span class='ocrx_word' id='word_1_101' title='bbox 1118 1656 1203 1723; x_wconf 90' lang='grc' dir='ltr'><strong><em>τέλει</em></strong></span> 
     </span>
     <span class='ocr_line' id='line_1_15' title="bbox 181 1758 1284 1848; baseline 0.003 -23"><span class='ocrx_word' id='word_1_102' title='bbox 181 1758 351 1845; x_wconf 87' lang='grc' dir='ltr'><strong><em>Ῥωμαίων</em></strong></span> <span class='ocrx_word' id='word_1_103' title='bbox 370 1760 462 1840; x_wconf 81' lang='grc' dir='ltr'><strong><em>ἔδοξε</em></strong></span> <span class='ocrx_word' id='word_1_104' title='bbox 483 1761 635 1847; x_wconf 88' lang='grc' dir='ltr'><strong><em>στρατιάς</em></strong></span> <span class='ocrx_word' id='word_1_105' title='bbox 653 1785 688 1826; x_wconf 89' lang='grc' dir='ltr'><strong><em>τε</em></strong></span> <span class='ocrx_word' id='word_1_106' title='bbox 707 1761 932 1848; x_wconf 79' lang='grc' dir='ltr'><strong><em>καταγράφειν</em></strong></span> <span class='ocrx_word' id='word_1_107' title='bbox 949 1761 1006 1828; x_wconf 79' lang='grc' dir='ltr'><strong><em>καὶ</em></strong></span> <span class='ocrx_word' id='word_1_108' title='bbox 1023 1765 1104 1841; x_wconf 82' lang='grc' dir='ltr'><strong><em>τοὺς</em></strong></span> <span class='ocrx_word' id='word_1_109' title='bbox 1122 1765 1262 1830; x_wconf 75' lang='grc' dir='ltr'><strong><em>ὑπό-1740</em></strong></span> <span class='ocrx_word' id='word_1_110' title='bbox 1283 1785 1284 1842; x_wconf 47' lang='grc' dir='ltr'><strong>ᾗ</strong></span> 
     </span>
    </p>

    <p class='ocr_par' dir='ltr' id='par_1_5' title="bbox 149 1845 1284 2062">
     <span class='ocr_line' id='line_1_16' title="bbox 149 1865 1204 1955; baseline 0.004 -24"><span class='ocrx_word' id='word_1_111' title='bbox 149 1890 174 1931; x_wconf 82' lang='grc' dir='ltr'><strong><em>ιι</em></strong></span> <span class='ocrx_word' id='word_1_112' title='bbox 188 1893 266 1946; x_wconf 88' lang='grc' dir='ltr'><strong><em>τους</em></strong></span> <span class='ocrx_word' id='word_1_113' title='bbox 291 1867 500 1955; x_wconf 87' lang='grc' dir='ltr'><strong><em>ἀμφοτέρους</em></strong></span> <span class='ocrx_word' id='word_1_114' title='bbox 527 1867 665 1952; x_wconf 84' lang='grc' dir='ltr'><strong><em>ἐξιέναι,</em></strong></span> <span class='ocrx_word' id='word_1_115' title='bbox 692 1870 751 1934; x_wconf 88' lang='grc' dir='ltr'><strong><em>τὸν</em></strong></span> <span class='ocrx_word' id='word_1_116' title='bbox 779 1865 840 1953; x_wconf 70' lang='grc' dir='ltr'><strong><em>μὲν</em></strong></span> <span class='ocrx_word' id='word_1_117' title='bbox 863 1871 1023 1947; x_wconf 76' lang='grc' dir='ltr'><strong><em>Αἰκανοῖς</em></strong></span> <span class='ocrx_word' id='word_1_118' title='bbox 1049 1894 1086 1936; x_wconf 88' lang='grc' dir='ltr'><strong><em>τε</em></strong></span> <span class='ocrx_word' id='word_1_119' title='bbox 1108 1877 1204 1938; x_wconf 82' lang='grc' dir='ltr'><strong><em>πολε·</em></strong></span> 
     </span>
     <span class='ocr_line' id='line_1_17' title="bbox 189 1974 1204 2062; baseline 0.001 -21"><span class='ocrx_word' id='word_1_120' title='bbox 189 1979 337 2061; x_wconf 89' lang='grc' dir='ltr'><strong><em>μήσοντα</em></strong></span> <span class='ocrx_word' id='word_1_121' title='bbox 364 1974 420 2041; x_wconf 80' lang='grc' dir='ltr'><strong><em>καὶ</em></strong></span> <span class='ocrx_word' id='word_1_122' title='bbox 441 1979 601 2052; x_wconf 86' lang='grc' dir='ltr'><strong><em>Λατίνοις</em></strong></span> <span class='ocrx_word' id='word_1_123' title='bbox 628 1978 775 2062; x_wconf 88' lang='grc' dir='ltr'><strong><em>τιμωρὸν</em></strong></span> <span class='ocrx_word' id='word_1_124' title='bbox 803 1974 979 2060; x_wconf 81' lang='grc' dir='ltr'><strong><em>ἐσόμενον,</em></strong></span> <span class='ocrx_word' id='word_1_125' title='bbox 1006 1979 1068 2044; x_wconf 90' lang='grc' dir='ltr'><strong><em>τὸν</em></strong></span> <span class='ocrx_word' id='word_1_126' title='bbox 1091 1975 1125 2042; x_wconf 91' lang='grc' dir='ltr'><strong><em>δ’</em></strong></span> <span class='ocrx_word' id='word_1_127' title='bbox 1153 1975 1204 2043; x_wconf 82' lang='grc' dir='ltr'><strong><em>ἐπὶ</em></strong></span> 
     </span>
    </p>

    <p class='ocr_par' dir='ltr' id='par_1_6' title="bbox 155 2080 1283 2383">
     <span class='ocr_line' id='line_1_18' title="bbox 155 2080 1283 2171; baseline 0 -20"><span class='ocrx_word' id='word_1_128' title='bbox 155 2088 175 2152; x_wconf 90' lang='grc'><strong>3</strong></span> <span class='ocrx_word' id='word_1_129' title='bbox 196 2085 382 2170; x_wconf 71' lang='grc' dir='ltr'><strong><em>Τυρρηνίας</em></strong></span> <span class='ocrx_word' id='word_1_130' title='bbox 405 2081 526 2161; x_wconf 84' lang='grc' dir='ltr'><strong><em>άξοντα</em></strong></span> <span class='ocrx_word' id='word_1_131' title='bbox 548 2083 607 2159; x_wconf 79' lang='grc' dir='ltr'><strong><em>τὰς</em></strong></span> <span class='ocrx_word' id='word_1_132' title='bbox 629 2082 797 2167; x_wconf 88' lang='grc' dir='ltr'><strong><em>δυνάμεις.</em></strong></span> <span class='ocrx_word' id='word_1_133' title='bbox 843 2081 1042 2170; x_wconf 77' lang='grc' dir='ltr'><strong><em>ἀντέπραττε</em></strong></span> <span class='ocrx_word' id='word_1_134' title='bbox 1062 2080 1100 2150; x_wconf 71' lang='grc' dir='ltr'><strong><em>δὲ</em></strong></span> <span class='ocrx_word' id='word_1_135' title='bbox 1123 2087 1205 2171; x_wconf 88' lang='grc' dir='ltr'><strong><em>πρὸς</em></strong></span> <span class='ocrx_word' id='word_1_136' title='bbox 1282 2089 1283 2100; x_wconf 72' lang='grc'>’</span> 
     </span>
     <span class='ocr_line' id='line_1_19' title="bbox 188 2181 1204 2275; baseline 0.003 -21"><span class='ocrx_word' id='word_1_137' title='bbox 188 2197 291 2254; x_wconf 83' lang='grc' dir='ltr'><strong><em>ταῦτα</em></strong></span> <span class='ocrx_word' id='word_1_138' title='bbox 318 2193 466 2275; x_wconf 80' lang='grc' dir='ltr'><strong><em>Σπόριος</em></strong></span> <span class='ocrx_word' id='word_1_139' title='bbox 489 2187 621 2267; x_wconf 88' lang='grc' dir='ltr'><strong><em>Ἰκίλιος</em></strong></span> <span class='ocrx_word' id='word_1_140' title='bbox 647 2200 715 2255; x_wconf 84' lang='grc' dir='ltr'><strong><em>τῶν</em></strong></span> <span class='ocrx_word' id='word_1_141' title='bbox 743 2188 922 2275; x_wconf 90' lang='grc' dir='ltr'><strong><em>δημάρχων</em></strong></span> <span class='ocrx_word' id='word_1_142' title='bbox 948 2181 1009 2267; x_wconf 82' lang='grc' dir='ltr'><strong><em>εἷς·</em></strong></span> <span class='ocrx_word' id='word_1_143' title='bbox 1040 2188 1097 2256; x_wconf 81' lang='grc' dir='ltr'><strong><em>καὶ</em></strong></span> <span class='ocrx_word' id='word_1_144' title='bbox 1125 2207 1204 2257; x_wconf 91' lang='grc' dir='ltr'><strong><em>συν-</em></strong></span> 
     </span>
     <span class='ocr_line' id='line_1_20' title="bbox 189 2294 1205 2383; baseline 0.004 -25"><span class='ocrx_word' id='word_1_145' title='bbox 189 2295 280 2377; x_wconf 88' lang='grc' dir='ltr'><strong><em>άγων</em></strong></span> <span class='ocrx_word' id='word_1_146' title='bbox 304 2297 352 2373; x_wconf 90' lang='grc' dir='ltr'><strong><em>είς</em></strong></span> <span class='ocrx_word' id='word_1_147' title='bbox 375 2294 551 2381; x_wconf 87' lang='grc' dir='ltr'><strong><em>ἐκκλησίαν</em></strong></span> <span class='ocrx_word' id='word_1_148' title='bbox 574 2297 633 2361; x_wconf 88' lang='grc' dir='ltr'><strong><em>τὸν</em></strong></span> <span class='ocrx_word' id='word_1_149' title='bbox 657 2297 764 2380; x_wconf 86' lang='grc' dir='ltr'><strong><em>δήμου</em></strong></span> <span class='ocrx_word' id='word_1_150' title='bbox 787 2294 947 2382; x_wconf 88' lang='grc' dir='ltr'><strong><em>ὁσημέραι</em></strong></span> <span class='ocrx_word' id='word_1_151' title='bbox 969 2298 1030 2374; x_wconf 87' lang='grc' dir='ltr'><strong><em>τάς</em></strong></span> <span class='ocrx_word' id='word_1_152' title='bbox 1051 2295 1128 2383; x_wconf 77' lang='grc' dir='ltr'><strong><em>περὶ</em></strong></span> <span class='ocrx_word' id='word_1_153' title='bbox 1149 2306 1205 2380; x_wconf 81' lang='grc' dir='ltr'><strong><em>τῆς</em></strong></span> 
     </span>
    </p>

    <p class='ocr_par' dir='ltr' id='par_1_7' title="bbox 148 2399 1282 3007">
     <span class='ocr_line' id='line_1_21' title="bbox 148 2399 1282 2488; baseline 0.004 -25"><span class='ocrx_word' id='word_1_154' title='bbox 148 2420 175 2462; x_wconf 82' lang='grc' dir='ltr'><strong><em>ω</em></strong></span> <span class='ocrx_word' id='word_1_155' title='bbox 188 2405 387 2487; x_wconf 88' lang='grc' dir='ltr'><strong><em>κληρουχίας</em></strong></span> <span class='ocrx_word' id='word_1_156' title='bbox 414 2400 606 2487; x_wconf 85' lang='grc' dir='ltr'><strong><em>ὑποσχέσεις</em></strong></span> <span class='ocrx_word' id='word_1_157' title='bbox 633 2399 750 2488; x_wconf 84' lang='grc' dir='ltr'><strong><em>ἀπῄτει</em></strong></span> <span class='ocrx_word' id='word_1_158' title='bbox 784 2403 875 2488; x_wconf 88' lang='grc' dir='ltr'><strong><em>παρά</em></strong></span> <span class='ocrx_word' id='word_1_159' title='bbox 905 2411 963 2486; x_wconf 82' lang='grc' dir='ltr'><strong><em>τῆς</em></strong></span> <span class='ocrx_word' id='word_1_160' title='bbox 994 2407 1119 2487; x_wconf 83' lang='grc' dir='ltr'><strong><em>βουλῆς</em></strong></span> <span class='ocrx_word' id='word_1_161' title='bbox 1150 2401 1206 2468; x_wconf 82' lang='grc' dir='ltr'><strong><em>καὶ</em></strong></span> <span class='ocrx_word' id='word_1_162' title='bbox 1281 2439 1282 2478; x_wconf 58' lang='lat'>1</span> 
     </span>
     <span class='ocr_line' id='line_1_22' title="bbox 188 2503 1206 2594; baseline 0.001 -21"><span class='ocrx_word' id='word_1_163' title='bbox 188 2503 290 2573; x_wconf 76' lang='grc' dir='ltr'><strong><em>οὐδέν</em></strong></span> <span class='ocrx_word' id='word_1_164' title='bbox 317 2510 381 2593; x_wconf 86' lang='grc' dir='ltr'><strong><em>έφη</em></strong></span> <span class='ocrx_word' id='word_1_165' title='bbox 410 2511 638 2594; x_wconf 90' lang='grc' dir='ltr'><strong><em>συγχωρήσειν</em></strong></span> <span class='ocrx_word' id='word_1_166' title='bbox 669 2509 745 2574; x_wconf 80' lang='grc' dir='ltr'><strong><em>οὔτε</em></strong></span> <span class='ocrx_word' id='word_1_167' title='bbox 772 2520 839 2574; x_wconf 82' lang='grc' dir='ltr'><strong><em>τῶν</em></strong></span> <span class='ocrx_word' id='word_1_168' title='bbox 872 2506 926 2573; x_wconf 81' lang='grc' dir='ltr'><strong><em>ἐπὶ</em></strong></span> <span class='ocrx_word' id='word_1_169' title='bbox 952 2513 1099 2594; x_wconf 86' lang='grc' dir='ltr'><strong><em>πόλεμον</em></strong></span> <span class='ocrx_word' id='word_1_170' title='bbox 1129 2511 1206 2576; x_wconf 81' lang='grc' dir='ltr'><strong><em>οὔτε</em></strong></span> 
     </span>
     <span class='ocr_line' id='line_1_23' title="bbox 187 2611 1206 2701; baseline 0 -21"><span class='ocrx_word' id='word_1_171' title='bbox 187 2625 255 2680; x_wconf 81' lang='grc' dir='ltr'><strong><em>τῶν</em></strong></span> <span class='ocrx_word' id='word_1_172' title='bbox 273 2615 354 2680; x_wconf 85' lang='grc' dir='ltr'><strong><em>κατὰ</em></strong></span> <span class='ocrx_word' id='word_1_173' title='bbox 372 2617 472 2680; x_wconf 90' lang='grc' dir='ltr'><strong><em>πόλιν</em></strong></span> <span class='ocrx_word' id='word_1_174' title='bbox 489 2611 544 2679; x_wconf 86' lang='grc' dir='ltr'><strong><em>ὑπ’</em></strong></span> <span class='ocrx_word' id='word_1_175' title='bbox 568 2613 668 2698; x_wconf 76' lang='grc' dir='ltr'><strong><em>αὐτῆς</em></strong></span> <span class='ocrx_word' id='word_1_176' title='bbox 686 2613 920 2701; x_wconf 78' lang='grc' dir='ltr'><strong><em>ψηφιζομένων</em></strong></span> <span class='ocrx_word' id='word_1_177' title='bbox 940 2613 1206 2700; x_wconf 72' lang='grc' dir='ltr'><strong><em>ἐπιτελεσθῆναι,</em></strong></span> 
     </span>
     <span class='ocr_line' id='line_1_24' title="bbox 188 2719 1205 2810; baseline 0.001 -25"><span class='ocrx_word' id='word_1_178' title='bbox 188 2719 247 2786; x_wconf 83' lang='grc' dir='ltr'><strong><em>ἐάν</em></strong></span> <span class='ocrx_word' id='word_1_179' title='bbox 275 2721 319 2805; x_wconf 83' lang='grc' dir='ltr'><strong><em>μή</em></strong></span> <span class='ocrx_word' id='word_1_180' title='bbox 349 2723 428 2798; x_wconf 88' lang='grc' dir='ltr'><strong><em>τοὺς</em></strong></span> <span class='ocrx_word' id='word_1_181' title='bbox 456 2719 534 2784; x_wconf 92' lang='grc' dir='ltr'><strong><em>δέκα</em></strong></span> <span class='ocrx_word' id='word_1_182' title='bbox 564 2721 689 2804; x_wconf 83' lang='grc' dir='ltr'><strong><em>ἀνδρας</em></strong></span> <span class='ocrx_word' id='word_1_183' title='bbox 716 2719 915 2799; x_wconf 81' lang='grc' dir='ltr'><strong><em>ἀποδείξωσι</em></strong></span> <span class='ocrx_word' id='word_1_184' title='bbox 943 2725 1107 2807; x_wconf 89' lang='grc' dir='ltr'><strong><em>πρότερον</em></strong></span> <span class='ocrx_word' id='word_1_185' title='bbox 1136 2723 1205 2810; x_wconf 91' lang='grc' dir='ltr'><strong><em>δρι-</em></strong></span> 
     </span>
     <span class='ocr_line' id='line_1_25' title="bbox 189 2824 1205 2913; baseline 0.002 -20"><span class='ocrx_word' id='word_1_186' title='bbox 189 2828 267 2904; x_wconf 87' lang='grc' dir='ltr'><strong><em>στδις</em></strong></span> <span class='ocrx_word' id='word_1_187' title='bbox 289 2836 347 2911; x_wconf 87' lang='grc' dir='ltr'><strong><em>τής</em></strong></span> <span class='ocrx_word' id='word_1_188' title='bbox 374 2827 534 2911; x_wconf 89' lang='grc' dir='ltr'><strong><em>δημοσίας</em></strong></span> <span class='ocrx_word' id='word_1_189' title='bbox 561 2826 686 2911; x_wconf 85' lang='grc' dir='ltr'><strong><em>χώρας,</em></strong></span> <span class='ocrx_word' id='word_1_190' title='bbox 713 2824 770 2891; x_wconf 79' lang='grc' dir='ltr'><strong><em>καὶ</em></strong></span> <span class='ocrx_word' id='word_1_191' title='bbox 797 2825 933 2893; x_wconf 88' lang='grc' dir='ltr'><strong><em>διέλωσι</em></strong></span> <span class='ocrx_word' id='word_1_192' title='bbox 961 2829 1025 2911; x_wconf 82' lang='grc' dir='ltr'><strong><em>τήν</em></strong></span> <span class='ocrx_word' id='word_1_193' title='bbox 1052 2837 1134 2913; x_wconf 85' lang='grc' dir='ltr'><strong><em>γήν,</em></strong></span> <span class='ocrx_word' id='word_1_194' title='bbox 1162 2828 1205 2905; x_wconf 82' lang='grc' dir='ltr'><strong><em>ὡς</em></strong></span> 
     </span>
    </p>
   </div>
   <div class='ocr_carea' id='block_1_3' title="bbox 188 3051 1280 3554">
    <p class='ocr_par' dir='ltr' id='par_1_8' title="bbox 188 3051 1280 3554">
     <span class='ocr_line' id='line_1_26' title="bbox 260 3051 1204 3128; baseline 0 -18"><span class='ocrx_word' id='word_1_195' title='bbox 260 3064 273 3110; x_wconf 90' lang='grc'>1</span> <span class='ocrx_word' id='word_1_196' title='bbox 294 3055 382 3110; x_wconf 79' lang='lat' dir='ltr'>verba</span> <span class='ocrx_word' id='word_1_197' title='bbox 400 3053 471 3110; x_wconf 76' lang='grc' dir='ltr'><strong><em>καθ’</em></strong></span> <span class='ocrx_word' id='word_1_198' title='bbox 492 3071 582 3124; x_wconf 76' lang='lat' dir='ltr'>usque</span> <span class='ocrx_word' id='word_1_199' title='bbox 601 3055 640 3108; x_wconf 76' lang='lat' dir='ltr'><strong><em>ad</em></strong></span> <span class='ocrx_word' id='word_1_200' title='bbox 658 3054 723 3125; x_wconf 83' lang='grc' dir='ltr'><strong><em>άρτι</em></strong></span> <span class='ocrx_word' id='word_1_201' title='bbox 741 3072 795 3111; x_wconf 88' lang='lat' dir='ltr'><strong><em>om.</em></strong></span> <span class='ocrx_word' id='word_1_202' title='bbox 815 3056 865 3110; x_wconf 75' lang='lat' dir='ltr'><strong><em>Ba</em></strong></span> <span class='ocrx_word' id='word_1_203' title='bbox 884 3055 948 3110; x_wconf 72' lang='lat' dir='ltr'><strong>add.</strong></span> <span class='ocrx_word' id='word_1_204' title='bbox 968 3057 1070 3128; x_wconf 84' lang='lat' dir='ltr'><strong>Bbmg</strong></span> <span class='ocrx_word' id='word_1_205' title='bbox 1086 3057 1090 3128; x_wconf 84' lang='grc' dir='ltr'>Ι</span> <span class='ocrx_word' id='word_1_206' title='bbox 1108 3051 1204 3127; x_wconf 81' lang='grc' dir='ltr'><strong><em>ἐστρα-</em></strong></span> 
     </span>
     <span class='ocr_line' id='line_1_27' title="bbox 190 3125 1280 3196; baseline -0.002 -14"><span class='ocrx_word' id='word_1_207' title='bbox 190 3125 342 3182; x_wconf 83' lang='grc' dir='ltr'><strong><em>τοπέδευσε</em></strong></span> <span class='ocrx_word' id='word_1_208' title='bbox 362 3126 385 3181; x_wconf 91' lang='grc' dir='ltr'>Ο</span> <span class='ocrx_word' id='word_1_209' title='bbox 404 3143 474 3181; x_wconf 84' lang='lat' dir='ltr'><strong>corr.</strong></span> <span class='ocrx_word' id='word_1_210' title='bbox 493 3126 594 3181; x_wconf 75' lang='lat' dir='ltr'><strong>Portus</strong></span> <span class='ocrx_word' id='word_1_211' title='bbox 668 3125 735 3181; x_wconf 60' lang='lat'><strong><em>262</em></strong></span> <span class='ocrx_word' id='word_1_212' title='bbox 755 3141 810 3182; x_wconf 86' lang='lat' dir='ltr'><strong><em>om.</em></strong></span> <span class='ocrx_word' id='word_1_213' title='bbox 825 3127 848 3180; x_wconf 92' lang='lat' dir='ltr'><strong>B</strong></span> <span class='ocrx_word' id='word_1_214' title='bbox 865 3129 869 3196; x_wconf 92' lang='grc' dir='ltr'>Ι</span> <span class='ocrx_word' id='word_1_215' title='bbox 885 3127 979 3182; x_wconf 75' lang='grc' dir='ltr'><strong><em>αὐτῶν</em></strong></span> <span class='ocrx_word' id='word_1_216' title='bbox 999 3143 1053 3181; x_wconf 88' lang='lat' dir='ltr'><strong><em>om.</em></strong></span> <span class='ocrx_word' id='word_1_217' title='bbox 1073 3127 1126 3182; x_wconf 84' lang='lat' dir='ltr'><strong><em>AG</em></strong></span> <span class='ocrx_word' id='word_1_218' title='bbox 1188 3133 1203 3180; x_wconf 84' lang='lat'><strong>9</strong></span> <span class='ocrx_word' id='word_1_219' title='bbox 1279 3183 1280 3186; x_wconf 59' lang='grc'><strong><em>,</em></strong></span> 
     </span>
     <span class='ocr_line' id='line_1_28' title="bbox 189 3192 1204 3269; baseline 0 -17"><span class='ocrx_word' id='word_1_220' title='bbox 189 3201 381 3269; x_wconf 75' lang='grc' dir='ltr'><strong><em>συναίρασδαι</em></strong></span> <span class='ocrx_word' id='word_1_221' title='bbox 399 3198 446 3251; x_wconf 81' lang='lat' dir='ltr'><strong><em>Ba</em></strong></span> <span class='ocrx_word' id='word_1_222' title='bbox 525 3202 558 3252; x_wconf 86' lang='lat'><strong><em>10</em></strong></span> <span class='ocrx_word' id='word_1_223' title='bbox 577 3192 733 3267; x_wconf 82' lang='grc' dir='ltr'><strong><em>ἐξήνεγκαν</em></strong></span> <span class='ocrx_word' id='word_1_224' title='bbox 753 3196 775 3251; x_wconf 95' lang='lat' dir='ltr'>O</span> <span class='ocrx_word' id='word_1_225' title='bbox 793 3197 948 3268; x_wconf 72' lang='lat' dir='ltr'>praeterB</span> <span class='ocrx_word' id='word_1_226' title='bbox 1023 3203 1054 3252; x_wconf 85' lang='lat'><strong><em>11</em></strong></span> <span class='ocrx_word' id='word_1_227' title='bbox 1075 3206 1204 3269; x_wconf 85' lang='grc' dir='ltr'><strong><em>στρατιάς</em></strong></span> 
     </span>
     <span class='ocr_line' id='line_1_29' title="bbox 188 3263 1202 3340; baseline 0.001 -19"><span class='ocrx_word' id='word_1_228' title='bbox 188 3271 363 3338; x_wconf 85' lang='grc' dir='ltr'><strong><em>Αστρατίας</em></strong></span> <span class='ocrx_word' id='word_1_229' title='bbox 382 3271 428 3323; x_wconf 73' lang='lat' dir='ltr'><strong><em>Ba</em></strong></span> <span class='ocrx_word' id='word_1_230' title='bbox 501 3274 534 3323; x_wconf 76' lang='lat'><strong><em>12</em></strong></span> <span class='ocrx_word' id='word_1_231' title='bbox 555 3263 687 3331; x_wconf 71' lang='grc' dir='ltr'><strong><em>ἑκουσίως</em></strong></span> <span class='ocrx_word' id='word_1_232' title='bbox 702 3267 796 3323; x_wconf 85' lang='lat' dir='ltr'><strong>om.A</strong></span> <span class='ocrx_word' id='word_1_233' title='bbox 870 3276 903 3324; x_wconf 81' lang='lat'><strong><em>13</em></strong></span> <span class='ocrx_word' id='word_1_234' title='bbox 922 3266 1098 3340; x_wconf 85' lang='grc' dir='ltr'><strong><em>αίρομένηΑ</em></strong></span> <span class='ocrx_word' id='word_1_235' title='bbox 1171 3274 1202 3324; x_wconf 87' lang='grc'><strong><em>18</em></strong></span> 
     </span>
     <span class='ocr_line' id='line_1_30' title="bbox 188 3338 1202 3412; baseline -0.002 -18"><span class='ocrx_word' id='word_1_236' title='bbox 188 3342 314 3404; x_wconf 86' lang='grc' dir='ltr'><strong><em>Σικίλιος</em></strong></span> <span class='ocrx_word' id='word_1_237' title='bbox 333 3340 355 3394; x_wconf 93' lang='lat' dir='ltr'>O</span> <span class='ocrx_word' id='word_1_238' title='bbox 375 3357 444 3397; x_wconf 77' lang='lat' dir='ltr'>corr.</span> <span class='ocrx_word' id='word_1_239' title='bbox 465 3339 587 3410; x_wconf 74' lang='lat' dir='ltr'>Sylburg</span> <span class='ocrx_word' id='word_1_240' title='bbox 604 3339 659 3394; x_wconf 84' lang='lat' dir='ltr'><strong><em>hoc</em></strong></span> <span class='ocrx_word' id='word_1_241' title='bbox 678 3340 740 3394; x_wconf 86' lang='lat' dir='ltr'><strong>loco</strong></span> <span class='ocrx_word' id='word_1_242' title='bbox 761 3338 882 3408; x_wconf 71' lang='lat' dir='ltr'><strong>aliisque</strong></span> <span class='ocrx_word' id='word_1_243' title='bbox 961 3347 994 3395; x_wconf 80' lang='lat'><strong><em>21</em></strong></span> <span class='ocrx_word' id='word_1_244' title='bbox 1016 3338 1202 3412; x_wconf 85' lang='grc' dir='ltr'><strong><em>συγχωρήσειν</em></strong></span> 
     </span>
     <span class='ocr_line' id='line_1_31' title="bbox 190 3405 1201 3483; baseline 0.001 -19"><span class='ocrx_word' id='word_1_245' title='bbox 190 3405 237 3465; x_wconf 77' lang='grc' dir='ltr'><strong><em>ἐπὶ</em></strong></span> <span class='ocrx_word' id='word_1_246' title='bbox 264 3420 319 3466; x_wconf 81' lang='grc' dir='ltr'><strong><em>τῶν</em></strong></span> <span class='ocrx_word' id='word_1_247' title='bbox 351 3413 492 3483; x_wconf 87' lang='grc' dir='ltr'><strong><em>πολεμίων</em></strong></span> <span class='ocrx_word' id='word_1_248' title='bbox 520 3411 543 3466; x_wconf 94' lang='lat'>0</span> <span class='ocrx_word' id='word_1_249' title='bbox 571 3413 752 3466; x_wconf 78' lang='lat' dir='ltr'>correxerunt</span> <span class='ocrx_word' id='word_1_250' title='bbox 783 3410 906 3481; x_wconf 79' lang='lat' dir='ltr'>Sylburg</span> <span class='ocrx_word' id='word_1_251' title='bbox 933 3414 963 3466; x_wconf 81' lang='lat' dir='ltr'><strong><em>et</em></strong></span> <span class='ocrx_word' id='word_1_252' title='bbox 990 3411 1114 3468; x_wconf 73' lang='lat' dir='ltr'><strong>Sintenie</strong></span> <span class='ocrx_word' id='word_1_253' title='bbox 1142 3411 1201 3466; x_wconf 84' lang='lat' dir='ltr'><strong><em>Em.</em></strong></span> 
     </span>
     <span class='ocr_line' id='line_1_32' title="bbox 188 3480 978 3554; baseline 0.003 -19"><span class='ocrx_word' id='word_1_254' title='bbox 188 3482 270 3536; x_wconf 90' lang='lat' dir='ltr'><strong>Dion.</strong></span> <span class='ocrx_word' id='word_1_255' title='bbox 285 3482 325 3535; x_wconf 93' lang='lat' dir='ltr'><strong><em>III</em></strong></span> <span class='ocrx_word' id='word_1_256' title='bbox 346 3489 378 3538; x_wconf 87' lang='grc'><strong><em>10</em></strong></span> <span class='ocrx_word' id='word_1_257' title='bbox 416 3549 420 3554; x_wconf 89' lang='lat'><em>.</em></span> <span class='ocrx_word' id='word_1_258' title='bbox 451 3488 485 3537; x_wconf 79' lang='lat'><strong><em>23</em></strong></span> <span class='ocrx_word' id='word_1_259' title='bbox 504 3490 616 3553; x_wconf 85' lang='grc' dir='ltr'><strong><em>πρῶτον</em></strong></span> <span class='ocrx_word' id='word_1_260' title='bbox 635 3483 658 3538; x_wconf 89' lang='grc'><strong>0</strong></span> <span class='ocrx_word' id='word_1_261' title='bbox 676 3480 814 3553; x_wconf 87' lang='grc' dir='ltr'><strong><em>πρότερον</em></strong></span> <span class='ocrx_word' id='word_1_262' title='bbox 832 3481 978 3554; x_wconf 81' lang='lat' dir='ltr'><strong>Kiessling</strong></span> 
     </span>
    </p>
   </div>
   <div class='ocr_carea' id='block_1_4' title="bbox 0 0 1303 3972">
    <p class='ocr_par' dir='ltr' id='par_1_9' title="bbox 0 0 1303 3972">
     <span class='ocr_line' id='line_1_33' title="bbox 0 0 1303 3972; baseline 0 0"><span class='ocrx_word' id='word_1_263' title='bbox 0 0 1303 3972; x_wconf 95' lang='lat' dir='ltr'><strong><em> </em></strong></span> 
     </span>
    </p>
   </div>
  </div>
 </body>
</html>
