2660 3976
551 252 719 302 -H-
1080 250 1143 315 151

124 417 232 480 πόλιν.
278 413 498 499 παραδόντων
529 406 568 476 δέ
596 410 754 497 κάκείνην
776 423 845 477 τῶν
875 413 976 478 ένδον
1000 411 1144 499 ἀμαχητὶ

123 519 178 588 καὶ
201 521 285 604 μετὰ
301 523 426 604 πολλῆς
442 520 633 602 προθυμίας
650 517 773 604 ἀγοράς
789 540 826 584 τε
843 521 1084 604 παρασχόντων
1103 527 1145 604 τῇ

124 627 268 712 δυνάμει
296 623 352 692 καὶ
374 626 523 711 χρήματα
544 623 602 690 καὶ
623 623 686 689 ὅσα
708 625 794 690 ἀλλα
816 622 1007 691 ἐπετέτακτο
1030 625 1145 703 αὐτοῖς

124 733 230 818 ἀπῆγε
251 734 316 818 τήν
339 732 496 817 στρατιὰν
513 731 558 808 ὡς
581 731 638 796 διὰ
659 734 773 816 φιλίας
795 738 864 815 γῆς.
909 731 999 797 πάνυ
1017 732 1081 817 μὰρ
1101 714 1181 818 δή5

123 839 178 906 καλ
196 837 287 906 τοῦτ’
309 837 524 920 ἐσπούδαζεν,
541 837 586 913 ὡς
604 833 709 921 μηδὲν
727 837 763 903 ολ
772 838 1015 923 παραδιδόντες
1030 837 1144 916 αὐτοῖς
1170 859 1185 899 ο

123 948 182 1024 τάς
194 949 309 1022 πόλεις
322 945 476 1029 πάθοιεν,
493 937 541 1009 ὧν
558 948 653 1029 φιλεῖ
668 944 753 1029 δρᾶν
771 943 790 1009 ὁ
808 945 963 1028 πόλεμος,
985 943 1069 1010 ἀλλὰ
1088 943 1144 1010 καλ

122 1061 187 1136 γῆν
208 1049 363 1138 ἀδῄωτον
383 1049 653 1135 ἀπολαμβάνοιον
667 1047 723 1115 καλ
739 1051 932 1135 βοσκήματα
945 1049 1002 1116 καὶ
1020 1051 1144 1138 ἀνδρό-

122 1160 225 1242 ποδα,
243 1159 307 1224 ὅσα
319 1156 494 1224 κατέλιπον
509 1155 563 1223 ἐπὶ
576 1166 644 1222 τῶν
657 1158 818 1241 κτήσεων,
831 1159 1032 1242 κομίζοιντο,
1050 1157 1145 1224 αὐλί·

124 1267 244 1344 ζεσθαί
268 1262 297 1330 τ’
322 1264 385 1332 ούιι
411 1270 464 1332 ελα
490 1265 552 1348 τήν
576 1263 722 1347 δύναμιν
745 1261 782 1329 ἐν
804 1274 877 1340 ταῖς
902 1266 1057 1348 πόλεσιν,
1086 1266 1143 1330 ἵνα

124 1373 168 1455 μή
185 1395 220 1436 τι
237 1369 373 1456 χένήται
392 1367 436 1437 δι’
455 1369 603 1456 ἁρπαγῆς
619 1370 703 1455 πρὸς
720 1367 831 1434 αὐτῶν
849 1367 870 1452 ή
884 1373 1009 1454 κλοπῆς
1026 1373 1144 1455 κακόν,
1158 1391 1186 1432 ιο

20 1521 21 1528 1
124 1476 209 1543 ἀλλὰ
231 1478 322 1563 παρὰ
344 1487 413 1556 τοῖς
434 1479 556 1562 τείχεσι
578 1473 925 1561 κατεστρατοπέδευεν.

190 1582 264 1648 XX.
289 1576 367 1648 Ἀπὸ
387 1578 425 1648 δὲ
442 1583 562 1666 ταύτης
584 1580 771 1666 ἀναστήσας
792 1589 851 1666 τής
871 1583 998 1658 πόλεως
1019 1582 1145 1666 ήλαυνε

123 1691 182 1756 τὸν
207 1690 350 1776 στρατὸν
373 1686 427 1754 ἐπὶ
449 1692 609 1772 Βοίλλας,
635 1687 779 1774 έπιφανή
802 1691 875 1754 τότε
899 1683 1005 1756 οὖσαν
1027 1687 1084 1754 καλ
1106 1687 1145 1754 ἐν

61 1797 254 1880 maurane
274 1796 364 1861 πάνυ
385 1803 458 1872 ταῖς
474 1793 677 1880 ἡγουμέναις
692 1804 754 1861 τοῦ
771 1798 927 1862 Λατίνων
945 1793 1064 1879 γένους
1083 1798 1145 1861 πό-

123 1908 218 1970 λεσιν
241 1899 484 1988 ἐξεταζομένην.
529 1900 571 1967 ού
592 1899 868 1987 προσδεξαμένων
891 1898 922 1966 δ’
950 1902 1053 1968 αὐτὸν
1073 1913 1142 1967 τῶν
1155 1919 1184 1961 1⁵

123 2011 239 2092 ἔνδον,
277 2008 361 2074 ἀλλά
391 2016 437 2096 τῷ
469 2004 500 2072 τ’
536 2006 675 2093 ἐρύματι
704 2010 932 2074 πιστευόντων
962 2006 1070 2095 ἐχυρῷ
1103 2030 1143 2091 με

124 2117 258 2202 σφόδρα
285 2117 357 2180 ἀντι
383 2111 440 2179 καὶ
465 2123 512 2202 τςό
538 2116 661 2198 πλήθει
690 2124 758 2179 τῶν
785 2111 838 2179 ἀπ’
871 2113 976 2180 αὐτοῦ
998 2130 1144 2199 μαχήσο-

123 2221 235 2308 μένων
257 2219 489 2308 παρακαλέσας
514 2221 577 2304 τήν
602 2220 747 2316 δύναμιν
769 2219 991 2303 ἀγωνίζεσθαι
1012 2221 1143 2305 προθύ-

123 2353 193 2414 μως
224 2325 281 2394 καὶ
308 2339 379 2404 τοῖς
408 2326 552 2411 πρώτοις
583 2325 717 2410 ἐπιβᾶσι
747 2334 809 2392 τοῦ
839 2329 970 2410 τείχους
997 2326 1144 2410 μεγάλας
1193 2391 1200 2404 ‚

116 2436 252 2522 δωρεὰς
278 2433 506 2520 ὑποσχόμενος
537 2434 639 2519 ἔρχου
668 2439 788 2518 είχετο·
818 2429 875 2499 καὶ
901 2434 1028 2515 γίνεται
1054 2432 1142 2519 μάχη
1156 2452 1185 2492 2⁰

121 2541 199 2629 περὶ
221 2549 262 2626 τῇ
284 2543 380 2606 πόλει
401 2540 506 2624 ταύτῃ
527 2539 678 2626 καρτεροί.
723 2539 765 2606 ού
787 2539 852 2624 χδρ
870 2541 977 2624 μόνον
999 2539 1063 2605 ἀπὸ
1081 2542 1179 2606 τοῦ2

63 2653 257 2735 ιοίοτείχους
278 2647 446 2732 ήμύνοντο
468 2647 548 2724 τοὺς
568 2647 768 2731 προσιόντας
790 2645 827 2710 οί
842 2646 1035 2728 Βοιλλανοί,
1058 2644 1143 2710 ἀλλὰ

121 2753 178 2822 καὶ
196 2755 256 2831 τάς
273 2755 380 2830 πύλας
396 2750 586 2830 ἀνοίξαντες
604 2749 740 2831 ἐξέθεον
758 2750 880 2834 ἀθρόοι
902 2748 959 2816 καὶ
981 2751 1063 2816 κατὰ
1080 2759 1144 2816 τοῦ

121 2870 274 2949 πρανοῦς
310 2858 443 2926 ἐώθουν
479 2861 537 2945 βίᾳ
567 2859 646 2935 τοὺς
676 2856 934 2943 ὑφισταμένους·
970 2857 1076 2942 φόνος
1106 2879 1143 2922 τε

194 3095 212 3144 2
231 3086 282 3142 καὶ
300 3087 337 3149 ὡς
355 3084 424 3156 μετὰ
439 3085 462 3140 0
480 3087 594 3155 praeter
610 3083 633 3138 Β
706 3089 724 3137 4
742 3083 796 3154 γὰρ
816 3083 852 3153 δή
870 3082 959 3138 καλΑ
976 3081 1030 3151 γὰρ
1048 3081 1098 3136 καλ
1115 3082 1142 3137 Β

123 3161 257 3221 δαύτοῖς
276 3157 299 3212 O
318 3157 400 3212 αύτολ
416 3155 563 3226 Kiessling
622 3162 655 3210 13
674 3154 765 3230 βωλάς
782 3155 808 3208 A
826 3153 910 3228 βολὰς
927 3153 950 3206 Β
970 3169 1040 3208 corr.
1060 3152 1142 3208 Gele-

122 3231 187 3286 nius
206 3247 223 3285 ο
243 3228 341 3298 Steph.
359 3227 425 3297 Byz.
445 3246 466 3283 ε.
480 3243 507 3282 τ.
526 3229 643 3290 Βοίλλας
659 3231 663 3294 Ι
680 3221 807 3296 ἐπιφανῆ
824 3245 855 3282 τε
873 3225 935 3281 τότε
949 3224 973 3280 Ο
988 3226 1102 3294 praeter
1118 3225 1142 3278 B

125 3309 158 3359 18
177 3297 271 3372 ἐχυρῷ
288 3319 319 3354 τι
338 3299 398 3354 όντι
417 3296 528 3366 σφόδρα
548 3297 570 3353 0
593 3298 747 3366 μετολοτΒ
839 3304 872 3352 19
890 3297 1010 3368 πρώτοις
1027 3291 1143 3369 ἐπιβᾶσι

124 3373 283 3443 Βπρώτως
299 3370 464 3442 ἐπιβαλούσι
481 3368 508 3422 R
583 3375 618 3424 22
638 3367 799 3423 ΒολανολΒ
872 3375 907 3423 23
926 3363 1043 3434 ἐξέθεον
1061 3367 1143 3422 &vob-

125 3445 235 3568 Eumcs
242 3436 316 3566 Ιίὴέ.
334 3441 497 3510 ἀνοίγοντες
514 3439 541 3493 R
558 3455 633 3496 corr.
647 3439 752 3494 Reiske
841 3446 877 3494 24
896 3437 1099 3510 ἐφισταμένους
1117 3437 1142 3493 0

126 3531 195 3571 corr.
236 3530 255 3581 y
288 3529 341 3581 urg
