2586 3972
527 257 694 309 ..Θ-

103 420 187 484 ὥστε
210 422 293 506 πρὸς
315 429 354 505 τῆ
378 420 536 505 αἰσχύνη,
558 419 601 502 ἣν
625 417 661 484 ἐκ
683 427 743 484 τοῦ
765 422 957 484 καταλιπεῖν
979 411 1040 484 τὸν
1062 419 1154 504 χά-2

102 549 187 609 ρακα
214 524 396 609 ἠνέγκαντο
403 574 413 609 ,
440 523 496 590 καὶ
523 525 684 590 κίνδυνον
712 525 753 589 οὐ
781 525 840 589 τὸν
864 522 1036 609 ἐλάχιστον
1060 526 1118 589 αὐ-

101 635 180 708 τοὺς
209 629 406 718 ἀναρρῖψαι,
436 634 576 708 σκότους
605 630 763 708 ἀπιόντας
793 631 848 695 διά
877 639 935 714 τῆς
961 634 1119 715 πολεμίας

102 736 256 814 ἀτάκτως.
300 744 335 803 εί
357 735 389 820 γ’
416 733 479 803 οὖν
506 748 605 804 τοῦτο
632 740 880 823 καταμαθόντες
908 738 943 803 οί
966 736 1118 822 πολέμιοι

102 843 138 910 ἐκ
168 846 292 921 παντὸς
323 843 480 910 ἀπιοῦσιν
513 844 629 921 αὐτοῖς
659 845 913 929 ἠκολούθησαν,
944 840 1045 910 οὐδὲν
1075 843 1118 909 δν
1147 865 1159 905 ι

102 949 268 1017 ἐκώλυσεν
298 952 429 1034 ἅπασαν
460 949 667 1017 ἀπολωλέναι
696 953 758 1036 τῆν
789 952 953 1038 στρατιάν.
999 961 1056 1035 τῆς
1083 948 1114 1015 δ’

102 1057 226 1140 ἀλόγου
244 1057 365 1139 ταύτης
382 1056 556 1142 ἀπάρσεως
574 1055 594 1140 ῆ
613 1065 723 1140 φυγῆς
740 1059 777 1122 τὸ
796 1060 880 1143 πρὸς
898 1060 957 1123 τὸν
971 1059 1118 1143 ἡγεμόνα

101 1163 138 1228 ἐκ
165 1173 225 1228 τοῦ
253 1164 365 1248 δῆμου
389 1174 501 1248 μῖσος,
529 1162 639 1248 ὥσπερ
668 1165 770 1247 έφην,
799 1170 907 1229 αίτιον
930 1159 988 1249 ῆν,
1016 1162 1072 1230 καὶ
1100 1165 1118 1230 ὁ

101 1272 232 1354 φθόνος
254 1278 311 1353 τῆς
334 1268 464 1334 ἐκείνου
487 1278 593 1354 τιμῆς,
616 1269 673 1333 ἵνα
691 1268 735 1353 μῆ
754 1269 925 1354 θριάμβου
944 1279 1118 1355 καταγωγῇ

100 1373 282 1460 κοσμηθεὶς
310 1373 567 1460 ἐπιφανέστατος
595 1373 738 1458 γένηται.
785 1383 824 1460 τῆ
853 1371 883 1440 δ’
912 1373 986 1458 ἑξῆς
1012 1359 1159 1472 ῆμέρᾳῇ)

100 1485 266 1567 μαθόντες
287 1483 324 1546 ολ
344 1485 512 1568 Ίυρρηνολ
534 1483 596 1566 τῆν
620 1483 766 1566 άπαρσιν
787 1492 855 1547 τῶν
873 1479 1042 1566 Ῥωμαίων
1064 1504 1118 1546 νε-

98 1590 201 1673 κρούς
228 1585 258 1653 τ’
285 1588 395 1654 αὐτῶν
424 1587 627 1654 ἐσκύλευσαν
654 1591 710 1654 καί
735 1591 935 1674 τραυματίας
958 1588 1119 1675 άράμενοι

30 1694 290 1778 1748άπῆνεγκαν
311 1695 370 1772 τάς
392 1719 426 1760 τε
449 1699 726 1780 καταλειφθείσας
749 1695 786 1761 ἐν
809 1705 854 1784 τῷ
878 1697 995 1783 χάρακι
1014 1715 1118 1782 παρα-

100 1801 221 1878 σκευάς
242 1838 286 1847 -
309 1799 429 1867 πολλαὶ
458 1799 489 1865 δ’
510 1797 597 1885 ἦσαν
620 1802 664 1878 ὡς
687 1804 734 1880 είς
756 1805 895 1888 χρόνιον
916 1817 1118 1887 παρεσκευα-

99 1905 220 1992 σμέναι
242 1909 390 1992 πόλεμον
409 1909 687 1994 -διεφόρησαν,
710 1906 766 1973 καὶ
789 1910 833 1986 ὡς
857 1909 898 1992 δῆ
921 1916 1119 1994 κρατοῦντες
1133 1928 1158 1967 ιι

98 2024 156 2099 τῆς
179 2015 290 2101 χώρας
312 2025 380 2079 τῶν
402 2019 570 2100 πολεμίων
593 2017 655 2100 τῆν
674 2014 841 2098 ἐγγυτάτω
861 2016 1119 2098 λεηλατήσαντες

98 2113 231 2204 ἀπῆγον
255 2122 316 2204 τῆν
340 2123 506 2206 στρατιάν.

167 2225 208 2290 V.
230 2227 275 2291 Οί
287 2224 324 2292 δὲ
338 2229 418 2312 μετὰ
431 2230 570 2306 τούτους
584 2226 840 2315 ἀποδειχθέντες
853 2227 985 2311 ύπατοι,
997 2229 1029 2291 Γ
1025 2227 1118 2304 υάίος

98 2333 256 2410 Μάλλιος
278 2333 333 2398 καὶ
352 2336 492 2421 Μάρκος
511 2336 638 2421 Φάβιος
661 2338 698 2401 τὸ
722 2335 880 2420 δεύτερον
899 2335 1013 2420 άρχειν
1031 2334 1119 2419 αίρε-

97 2443 185 2523 θείς,
204 2442 358 2525 ύῆφισμα
376 2450 434 2524 τῆς
452 2446 577 2527 βουλῆς
594 2440 819 2526 ποιησαμένης
834 2442 975 2527 στρατὸν
990 2438 1118 2524 ἐξάγειν
1134 2461 1159 2499 2⁰

99 2545 155 2612 ἐπὶ
174 2546 236 2628 τὴν
252 2546 466 2612 Οὐιεντανῶν
480 2552 591 2631 πόλιν,
611 2549 692 2613 ὅσον
706 2547 748 2614 ἀν
762 2553 918 2614 πλεῖστον
934 2549 1118 2630 δυνηθῶσι,

96 2654 300 2736 προῦθηκαν
316 2652 453 2737 ἡμέραν,
474 2654 511 2720 ἐν
524 2648 546 2741 ᾗ
560 2656 620 2719 τὸν
634 2655 819 2738 κατάλογον
833 2657 972 2739 ἔμελλον
985 2655 1119 2737 ποιῆσε·

98 2765 184 2823 σθαι
208 2766 266 2840 τῆς
289 2769 451 2845 στρατιᾶς.
492 2758 674 2843 γινομένου
699 2757 729 2825 δ’
753 2762 865 2838 αὐτοῖς
888 2760 1042 2845 ἐμποδὼν
1066 2757 1119 2824 ἐπὶ

96 2864 244 2930 κωλύσει
263 2872 320 2948 τῆς
338 2874 550 2950 καταγραφῆς
568 2863 643 2942 ἑνὸς
660 2877 727 2933 τῶν
745 2866 935 2954 δημάρχων,
959 2869 1118 2950 Τεβερίου

59 3015 62 3020 -
97 2975 332 3055 Ποντοφικίου
350 2970 406 3037 καὶ
424 2974 461 3038 τὸ
480 2970 556 3058 περὶ
574 2981 631 3057 τῆς
649 2977 848 3059 κληρουχίας
865 2975 1019 3058 ύῆφισμα
1039 2971 1118 3036 ἀνα·
1133 2986 1159 3026 25

96 3073 329 3161 καλουμένου,
360 3078 626 3163 θεραπεύσαντες
653 3079 720 3143 τῶν
749 3080 986 3164 συναρχόντων
1014 3078 1118 3144 αὐτοῦ

172 3231 284 3303 4γεί
254 3253 307 3359 γριρ
292 3231 419 3304 ρ.ούνο
436 3234 559 3290 Reudler
574 3235 663 3289 Τίτου.
680 3235 741 3291 crit.
757 3241 811 3305 μθ
885 3230 952 3289 ὃέιι
970 3235 1117 3298 παντδςΟ

97 3309 129 3446 {¹5
145 3300 1119 3502 {3232255323fflssffigffawv¹13⁴a⁶⁶⁰¹3⁵³⁶²⁶w32⁰5555208v5ss

97 3446 510 3588 ΑρΒξαΚρὸχεεῗχίἐιρατοθντες
554 3449 572 3501 b
607 3447 1119 3519 ςῆδηκρ.ο.8γ11)ιιτςὼςδῆλοι
