2674 3978
565 255 730 302 -z..
1110 255 1151 321 τι

131 407 278 494 άγνοών,
301 409 354 476 ὅτι
372 413 593 496 μεγαλόφρων
611 411 697 496 ἀνὴρ
715 413 777 499 οὐχ
795 414 957 499 ὑπομενεῖ
971 419 1154 506 κατήγορος

131 514 253 584 ἑαυτοῦ
276 520 458 602 γενόμενος
481 517 526 594 ώς
547 518 744 604 ἡμαρτηκὼς
766 521 895 604 ύφεσινΙ
911 527 1077 589 αἰτεῖσθαι
1094 535 1153 610 τῆς

129 625 301 710 τιμωρίας,
320 621 394 689 οὐδ’
411 624 460 701 είς
475 624 690 710 ὀλοφυρμοὺς
703 623 759 690 καὶ
773 628 902 710 δεήσεις
914 630 1152 712 καταφεύξεται

128 731 220 814 παρὰ
246 731 307 796 τὸν
335 728 456 797 ἑαυτοῦ
483 733 625 816 τρόπον,
653 729 725 798 ἀλλ’
753 734 828 817 ἦτοι
855 731 910 799 καὶ
935 737 973 801 τὸ
995 737 1152 822 παράπαν

129 835 311 915 ἀπαξιώσει
337 838 400 921 τήν
426 836 625 922 ἀπολογίαν,
653 838 674 922 ή
701 841 762 924 τήν
790 843 938 925 ἔμφυτον
965 841 1151 908 αὐθάδειαν
1177 867 1190 908 ι

128 943 308 1028 φυλάττων
339 939 447 1009 οὐθὲν
478 943 713 1010 ὑποθωπεύσει
745 948 804 1012 τὸν
836 949 944 1032 δῆμον
974 949 1151 1036 μετριάσας

127 1047 205 1133 περὶ
232 1052 313 1126 τούς
340 1052 474 1133 λόγους·
506 1050 588 1134 ὅπερ
615 1049 671 1116 καὶ
699 1051 832 1137 συνέβη.
876 1054 1059 1141 γενομένης
1085 1058 1184 1140 γὰρ3

127 1157 268 1242 ἡσυχίας
290 1154 345 1222 καὶ
367 1163 492 1242 πολλῆς
514 1156 719 1243 ἐμπεσούσης
742 1160 859 1243 ὀλίγου
882 1163 955 1227 δεῖν
977 1171 1058 1228 πᾶσι
1080 1175 1150 1242 τοῖς

128 1264 321 1348 δημοτικοῖς
342 1267 533 1351 προθυμίας
555 1263 715 1331 ἀπολύειν
736 1265 853 1348 αὐτόν,
875 1269 907 1331 εί
922 1269 983 1334 τὸν
1000 1272 1149 1353 παρόντα

127 1372 348 1456 θεραπεύσειε
377 1374 512 1456 καιρόν,
547 1373 706 1456 τοιαύτην
740 1373 928 1439 αὐθάδειαν
960 1373 1147 1453 ἐπεδείξατο
1162 1403 1188 1442 ιο

58 1481 256 1562 1386λόγων,
278 1474 334 1542 καὶ
357 1486 519 1542 τοσοῦτον
542 1477 654 1543 αὐτῶν
677 1481 935 1564 κατεφρόνησεν,
958 1479 1042 1545 ώστε
1064 1502 1147 1566 παρ-

127 1585 240 1650 ελθὼν
270 1583 408 1669 ἔξαρνος
436 1579 498 1667 μὲν
527 1580 611 1667 ὑπὲρ
639 1585 784 1662 οὐθενὸς
811 1580 854 1669 ήν
881 1596 949 1650 τῶν
975 1587 1059 1672 πρὸς
1085 1589 1147 1672 τὴν

125 1692 256 1775 βουλήν
283 1688 468 1777 εἰρημένων
494 1691 577 1755 κατὰ
604 1701 665 1756 τοῦ
691 1693 860 1775 πλήθους,
886 1688 960 1757 οὐδ’
984 1691 1029 1769 ὡς
1051 1716 1147 1776 μετα-

125 1798 302 1880 γινώσκων
325 1792 375 1861 ἐπ’
397 1796 510 1872 αὐτοῖς
533 1798 581 1872 είς
602 1802 734 1874 οίκτους
755 1795 811 1861 καὶ
828 1800 1041 1882 παραιτήσεις
1059 1797 1147 1886 ἐτρί-

124 1923 215 1970 πετο·
245 1901 351 1988 ἀρχὴν
379 1898 409 1965 δ’
437 1898 518 1967 οὐδέ
545 1903 714 1978 δικασταῖς
741 1903 855 1980 αὐτοῖς
882 1903 977 1987 ήξίου
1000 1911 1146 1990 χρῆσθαι
1160 1931 1185 1973 ιε

124 2006 201 2093 περὶ
220 2008 361 2084 οὐδενὸς
378 2009 578 2092 πράγματος,
596 2009 642 2086 ὡς
660 2008 821 2093 οὐδεμίαν
839 2012 973 2095 ἔχουσιν
990 2009 1145 2089 ἐξουσίαν

123 2118 282 2201 νόμιμον·
311 2116 343 2179 εί
364 2111 401 2180 δὲ
423 2117 627 2199 βουλήσεταί
644 2140 695 2192 τις
717 2114 770 2181 ἐπὶ
793 2126 860 2181 τῶν
883 2115 1018 2182 ὑπάτων
1041 2118 1145 2185 αὐτοῦ

123 2231 323 2306 κατηγορεῖν
353 2219 411 2287 εἰτ’
439 2224 547 2308 ἔργων
576 2221 724 2299 εὐθύνας
752 2221 902 2288 ἀπαιτῶν
929 2230 994 2289 είτε
1022 2227 1143 2309 λόγων,

124 2331 210 2394 ἔνθα
232 2333 337 2413 νόμος
359 2325 450 2394 ἐστὶν
473 2327 602 2413 ἕτοιμος
624 2323 710 2394 εἶναι
734 2331 832 2414 δίκην
855 2327 998 2416 ὑπέχειν.
1043 2343 1179 2417 παρε-4

123 2433 310 2520 ληλυθέναι
337 2431 375 2500 δὲ
402 2438 486 2519 πρὸς
512 2439 590 2514 τούς
616 2438 761 2520 δημότας
787 2440 916 2521 ἔλεγεν,
944 2437 1058 2522 ἐπειδὴ
1085 2463 1143 2504 κα-
1156 2468 1183 2508 εο

123 2546 243 2608 λοῦσιν
276 2541 386 2625 αὐτοί,
420 2543 461 2607 τὰ
492 2539 554 2627 μὲν
587 2542 790 2628 ἐπιτιμήσων
820 2556 894 2622 ταῖς
923 2549 1143 2630 παρανομίαις

123 2647 234 2713 αὐτῶν
267 2645 323 2713 καὶ
354 2647 574 2732 πλεονεξίαις,
610 2640 662 2726 αἶς
694 2649 875 2736 ἐχρήσαπο
907 2655 987 2734 περί
1013 2673 1049 2714 τε
1079 2651 1142 2734 τήν

123 2754 307 2821 ἀπόστασιν
325 2752 380 2819 καὶ
398 2755 478 2838 μετὰ
496 2756 559 2839 τήν
576 2755 741 2822 κάθοδον·
765 2757 804 2821 τὰ
823 2753 860 2821 δὲ
880 2756 1141 2840 συμβουλεύσων

123 2859 271 2947 ἐπισχεῖν
297 2863 362 2946 ἤδη
389 2859 468 2927 ποτὲ
495 2859 550 2926 καὶ
578 2867 747 2928 συστεῖλαι
775 2864 832 2938 τὰς
858 2861 996 2938 ἀδίκους
1024 2861 1141 2928 ἐπιθυ-

122 2971 206 3052 μίας.
252 2965 309 3032 καὶ
336 2968 417 3051 μετὰ
443 2964 534 3034 τοῦτ’
559 2966 762 3055 ἐπιστρεφῶς
788 2967 877 3032 πάνυ
905 2966 961 3033 καὶ
986 2959 1180 3076 θρασέωςξὶὸ

115 3071 279 3139 ’ἁπάντων
296 3072 408 3138 αὐτῶν
425 3076 612 3157 καθήπτετο
629 3071 685 3139 καὶ
704 3075 845 3158 μάλιστα
863 3084 931 3139 τῶν
950 3076 1137 3162 δημάρχων.

58 3189 251 3265 138τπροσῆν
280 3176 310 3244 δ’
339 3177 443 3246 αὐτοῦ
469 3191 538 3257 τοῖς
564 3184 676 3264 λόγοις
703 3181 763 3267 οὐχ
793 3181 837 3258 ὡς
864 3185 1002 3248 πολίτου
1031 3185 1138 3269 δῆμον

123 3285 405 3362 ἀναδιδάσκοντος
436 3286 628 3370 εὐλόγιστος
659 3288 776 3371 αίδώς,
813 3283 886 3353 οὐδ’
923 3287 967 3365 ὡς
1000 3290 1135 3357 ἰδιώτου

192 3440 364 3513 Ιύπομένει
382 3443 434 3496 ΑΒ
503 3443 673 3498 9όιπολύειν
692 3444 715 3496 Β
734 3444 928 3500 όιπολύσεινΒ
999 3451 1032 3500 18
1051 3447 1137 3500 άπαι-

120 3522 175 3571 τεῖν
195 3515 218 3572 0
238 3516 364 3569 άπειτῶν
383 3513 461 3584 Cmg
519 3522 553 3570 25
573 3511 747 3586 ἐπιστρόφως
764 3515 815 3569 AO

939 3604 976 3656 4*
