2586 3972
523 228 692 277 -H-
1051 223 1115 290 261

94 389 230 471 καιρός,
260 386 279 452 ὑ
307 382 369 471 μέν
391 387 545 470 Αίμίλιος
573 387 702 472 ἔμεινεν
730 384 784 452 ἐπὶ
813 385 1037 471 στρατοπέδου
1068 385 1111 453 δι’

96 494 259 578 αἰσχύνης
282 495 368 572 ἔχων
391 490 446 558 ἐπὶ
468 504 656 580 συμφοραῖς
679 492 741 559 οὐκ
765 492 966 577 εὐσχήμοσιν
989 494 1037 569 εἰς
1054 495 1116 576 τὴν

96 603 198 666 πόλιν
225 601 390 665 εἰσελθεῖν
418 602 456 665 τὸ
483 599 660 686 κράτιστον
688 598 904 676 ἀπολωλεκὼς
933 607 991 684 τῆς
1019 617 1118 685 στρα-

96 714 177 784 τιᾶς.
215 706 234 772 ὁ
253 703 290 771 δὲ
310 707 497 783 συνύπατος
515 706 619 773 αὑτοῦ
638 709 717 783 τοὺς
734 703 791 791 ὑφ’
818 703 938 772 ἑαυτὸν
955 706 1118 793 ἀρχοντας

97 811 152 879 ἐπὶ
176 810 401 898 στρατοπέδου
424 814 613 878 καταλιπὼν
633 815 681 890 είς
697 814 759 896 την
777 810 903 898 Ῥώμην
922 810 1039 900 ᾤχετο·
1061 811 1118 879 καὶ
1143 833 1156 874 ε

99 916 305 1003 συγκαλέσας
326 921 386 985 τὸν
410 921 511 1003 ὄχλον
534 917 588 984 ἐπὶ
610 921 669 997 τδις
691 919 912 1005 ἀρχαιρεσίας,
940 911 991 997 οἷς
1012 916 1074 1004 μὲν
1098 920 1116 986 ὑ

99 1028 205 1111 δῆμος
236 1024 391 1109 ἐβούλετο
422 1026 568 1109 δοθῆναι
597 1027 659 1108 τὴν
691 1025 852 1092 ὑπατείαν
883 1026 1048 1112 ἀνδράσιν
1081 1025 1117 1092 έκ

98 1145 166 1199 τῶν
180 1133 426 1216 ὑπατευκότων,
440 1134 482 1198 οὐ
496 1134 668 1218 προύθηκε
683 1133 744 1217 τὴν
757 1137 988 1220 ψηφοφορίαν,
1002 1132 1116 1218 ἐπειδὴ

98 1236 174 1306 οὐδ’
201 1237 297 1305 αὐτοὶ
320 1236 481 1326 μετῄεσαν
503 1241 565 1325 τὴν
588 1239 694 1327 ἀρχὴν
717 1238 858 1322 ἑκόντες,
880 1236 964 1325 ὑπὲρ
989 1236 1026 1305 δέ
1049 1250 1117 1306 τῶν

98 1347 282 1431 μετιόντων
313 1345 391 1421 τούς
421 1368 457 1410 τε
489 1348 610 1431 λόχους
642 1345 775 1411 έκάλεσε
806 1343 862 1410 καὶ
893 1346 951 1422 τὰς
981 1348 1116 1429 ψήφους
1130 1365 1157 1406 ιο

76 1451 277 1518 ἀνέδωκεν.
322 1447 416 1517 οὗτοι
439 1447 469 1516 δ’
492 1447 589 1535 ἦσαν,
612 1452 671 1529 οὑς
693 1452 714 1536 ἡ
737 1453 844 1536 βουλὴ
866 1455 1038 1537 προείλετο
1061 1450 1156 1519 καὶ2

99 1551 150 1636 οἷς
172 1556 413 1644 παραγγέλλειν
436 1559 497 1643 τὴν
521 1557 626 1645 ἀρχὴν
649 1557 832 1642 ἐκέλευσεν,
856 1559 898 1625 οὑ
922 1560 1052 1643 σφόδρα
1071 1565 1116 1646 τῷ

99 1667 195 1753 δήμῳ
218 1663 457 1751 κεχαρισμένοι.
494 1663 550 1732 καὶ
573 1665 820 1752 ἀπεδείχθησαν
838 1669 885 1743 είς
904 1668 963 1732 τὸν
982 1665 1117 1732 ἐπιόντα

99 1771 263 1837 ένιαντὸν
277 1772 397 1839 ύπατοι
420 1772 438 1838 ὅ
458 1796 495 1838 τε
512 1774 673 1858 νεώτερος
690 1772 836 1859 ἀδελφὸς
852 1783 913 1839 τοῦ
931 1770 1117 1858 προθέντος

98 1880 156 1956 τάς
186 1877 399 1964 ἀρχαιρεσίας
431 1880 576 1963 ὑπάτου,
610 1881 751 1965 Μάρκος
785 1881 911 1965 Φάβιος
943 1882 1117 1955 Καίσωνος
1132 1895 1157 1937 1⁵

37 1987 183 2070 λλλενίός,
206 1983 261 2050 καὶ
283 1987 427 2063 Λεύκιος
447 1984 629 2072 Οὐαλέριος
646 1988 792 2073 Μάρκου
814 1989 897 2070 υἱός,
920 1986 939 2052 ὁ
962 1987 1022 2052 τὸν
1045 1983 1118 2071 τρὶς

99 2092 330 2158 ὑπατεύσαντα
364 2092 531 2159 ΚάσσιονΙ
548 2097 664 2178 κρίνας
696 2091 749 2158 ἐπὶ
781 2103 821 2179 τῇ
853 2093 1029 2178 τυραννίδι
1060 2089 1117 2157 καὶ

100 2198 304 2276 ἀποκτείνας.
350 2196 444 2266 οὑτοι
466 2200 528 2284 τὴν
551 2199 657 2286 ἀρχὴν
679 2202 927 2284 παραλαβόντες
944 2193 1027 2282 ὑπὲρ
1050 2208 1117 2263 τῶν
1135 2200 1156 2264 3

99 2305 344 2372 ἀποθανόντων
371 2305 408 2372 έν
430 2315 475 2394 τῷ
504 2309 587 2395 πρὸς
605 2302 775 2383 Ἀντιάτας
802 2304 935 2394 πολέμῳ
959 2321 1117 2390 στρατιω-

99 2425 165 2479 τῶν
187 2411 305 2497 ἠξίουν
327 2411 460 2500 έτίρους
481 2414 722 2500 καταγράφειν,
744 2413 800 2478 ἵνα
823 2414 860 2478 τὸ
884 2408 1013 2488 έλλιπές
1036 2410 1116 2477 ἀνα·
1130 2431 1156 2471 20

99 2524 262 2605 πληρωθῇ
289 2528 356 2585 τῶν
384 2523 502 2605 λόχων.
546 2518 602 2585 καὶ
627 2521 735 2604 δόγμα
755 2520 973 2604 ποιησάμενοι
995 2522 1118 2602 βουλῆς

100 2627 321 2712 προύγραψαν
342 2624 481 2712 ἡμέραν,
507 2624 545 2691 έν
567 2619 589 2712 ᾗ
612 2636 766 2710 παρεῖναι
788 2627 867 2702 τοὺς
890 2627 1025 2711 ἔχοντας
1047 2622 1118 2706 ηλι-

102 2737 176 2799 κίαν
196 2734 436 2818 στρατεύσιμον
455 2734 532 2799 ἔδει.
570 2733 651 2816 μετά
669 2743 767 2799 τοῦτο
786 2736 935 2818 θόρυβος
952 2728 996 2815 ἦν
1014 2733 1119 2806 πολὺς

102 2841 182 2906 κατὰ
203 2841 267 2925 τὴν
288 2844 400 2925 πόλιν,
422 2839 478 2906 καί
498 2841 594 2922 λόγοι
612 2851 679 2906 τῶν
697 2841 906 2907 πενεστάτων
925 2837 1118 2913 στασιώδεις

103 2947 162 3012 οὐκ
185 2945 371 3026 ἀξιούντων
395 2948 472 3013 οὔτε
500 2950 624 3031 βουλῆς
654 2949 818 3032 δόγμασιν
840 2947 1018 3031 ὑπηρετεῖν
1042 2943 1116 3009 ούτε
1132 2959 1160 3002 2⁵

102 3054 236 3120 ὑπάτων
260 3053 394 3142 ἐξουσίᾳ
415 3061 622 3141 πενθαρχεῖν,
645 3054 696 3120 ότι
719 3055 778 3131 τὰς
799 3051 875 3139 περὶ
897 3061 955 3137 τῆς
977 3055 1119 3135 κληρου-

172 3283 261 3338 9οάκ
284 3281 365 3337 αὑτολ
389 3281 500 3337 Ocorr.
521 3281 642 3352 Sylburg
680 3283 685 3351 Ι
723 3279 839 3350 ἥκοντες
862 3297 885 3336 ο.
913 3276 1038 3334 Sintenis
1056 3277 1117 3336 Em

102 3351 182 3410 Dion.
200 3353 241 3408 ΠΙ
257 3360 290 3409 18
364 3359 397 3407 13
417 3351 627 3424 κεχαρισμένοις
646 3371 669 3408 ο.
688 3352 792 3407 Reiske
873 3356 906 3406 21
927 3349 1018 3421 δόγμα
1036 3369 1119 3418 ποιη-

103 3423 295 3564 ἷίίίίςίῆιὶ
309 3427 410 3565 βίῖίίλ
422 3424 655 3566 ἓεάίόᾞξὲἕω
672 3431 721 3549 13²
740 3421 998 3564 ’ἔλοίάλῗίίῖηῗ
1010 3425 1033 3546 1¹³
1050 3415 1118 3493 ἕνῇ
