<?xml version="1.0" encoding="UTF-8"?>
<!DOCTYPE html PUBLIC "-//W3C//DTD XHTML 1.0 Transitional//EN"
    "http://www.w3.org/TR/xhtml1/DTD/xhtml1-transitional.dtd">
<html xmlns="http://www.w3.org/1999/xhtml" xml:lang="en" lang="en">
 <head>
  <title>
</title>
<meta http-equiv="Content-Type" content="text/html;charset=utf-8" />
  <meta name='ocr-system' content='tesseract 3.04.00' />
  <meta name='ocr-capabilities' content='ocr_page ocr_carea ocr_par ocr_line ocrx_word'/>
</head>
<body>
  <div class='ocr_page' id='page_1' title='image "./dionysihalicarn00unkngoog_0317.png"; bbox 0 0 2586 3972; ppageno 0'>
   <div class='ocr_carea' id='block_1_1' title="bbox 6 539 1217 2757">
    <p class='ocr_par' dir='ltr' id='par_1_1' title="bbox 6 539 1217 2757">
     <span class='ocr_line' id='line_1_1' title="bbox 136 539 1151 629; baseline 0.006 -23"><span class='ocrx_word' id='word_1_1' title='bbox 136 542 202 624; x_wconf 83' lang='grc' dir='ltr'><strong><em>[τά]</em></strong></span> <span class='ocrx_word' id='word_1_2' title='bbox 231 539 314 629; x_wconf 84' lang='grc' dir='ltr'><strong><em>μέρη</em></strong></span> <span class='ocrx_word' id='word_1_3' title='bbox 341 552 398 626; x_wconf 80' lang='grc' dir='ltr'><strong><em>τῆς</em></strong></span> <span class='ocrx_word' id='word_1_4' title='bbox 422 541 635 608; x_wconf 76' lang='grc' dir='ltr'><strong><em>Οὐιεντανῶν</em></strong></span> <span class='ocrx_word' id='word_1_5' title='bbox 662 544 772 629; x_wconf 84' lang='grc' dir='ltr'><strong><em>χώρας</em></strong></span> <span class='ocrx_word' id='word_1_6' title='bbox 796 545 836 608; x_wconf 82' lang='grc' dir='ltr'><strong><em>τὰ</em></strong></span> <span class='ocrx_word' id='word_1_7' title='bbox 857 547 940 629; x_wconf 90' lang='grc' dir='ltr'><strong><em>πρὸς</em></strong></span> <span class='ocrx_word' id='word_1_8' title='bbox 961 546 1023 628; x_wconf 80' lang='grc' dir='ltr'><strong><em>τήν</em></strong></span> <span class='ocrx_word' id='word_1_9' title='bbox 1046 547 1151 629; x_wconf 80' lang='grc' dir='ltr'><strong><em>ἀλλην</em></strong></span> 
     </span>
     <span class='ocr_line' id='line_1_2' title="bbox 135 643 1151 734; baseline 0.002 -20"><span class='ocrx_word' id='word_1_10' title='bbox 135 646 343 734; x_wconf 78' lang='grc' dir='ltr'><strong><em>ἐστραμμένα</em></strong></span> <span class='ocrx_word' id='word_1_11' title='bbox 371 651 577 734; x_wconf 83' lang='grc' dir='ltr'><strong><em>Τυρρηνίαν,</em></strong></span> <span class='ocrx_word' id='word_1_12' title='bbox 606 651 692 713; x_wconf 76' lang='grc' dir='ltr'><strong><em>ἔνθα</em></strong></span> <span class='ocrx_word' id='word_1_13' title='bbox 714 643 756 732; x_wconf 86' lang='grc' dir='ltr'><strong><em>ήν</em></strong></span> <span class='ocrx_word' id='word_1_14' title='bbox 780 661 849 726; x_wconf 75' lang='grc' dir='ltr'><strong><em>τοῖς</em></strong></span> <span class='ocrx_word' id='word_1_15' title='bbox 873 650 1089 728; x_wconf 75' lang='grc' dir='ltr'><strong><em>Οὐιεντανοῖς</em></strong></span> <span class='ocrx_word' id='word_1_16' title='bbox 1111 653 1151 716; x_wconf 86' lang='grc' dir='ltr'><strong><em>τὰ</em></strong></span> 
     </span>
     <span class='ocr_line' id='line_1_3' title="bbox 134 743 1151 841; baseline 0.002 -21"><span class='ocrx_word' id='word_1_17' title='bbox 134 756 337 839; x_wconf 75' lang='grc' dir='ltr'><strong><em>βοσκήματα,</em></strong></span> <span class='ocrx_word' id='word_1_18' title='bbox 352 753 512 822; x_wconf 85' lang='grc' dir='ltr'><strong><em>οὐδέποτε</em></strong></span> <span class='ocrx_word' id='word_1_19' title='bbox 526 757 670 836; x_wconf 80' lang='grc' dir='ltr'><strong><em>στρατόν.</em></strong></span> <span class='ocrx_word' id='word_1_20' title='bbox 683 753 775 838; x_wconf 79' lang='grc' dir='ltr'><strong><em>ήξειν</em></strong></span> <span class='ocrx_word' id='word_1_21' title='bbox 786 751 955 840; x_wconf 89' lang='grc' dir='ltr'><strong><em>Ῥωμαίων</em></strong></span> <span class='ocrx_word' id='word_1_22' title='bbox 969 755 1039 822; x_wconf 83' lang='grc' dir='ltr'><strong><em>έκεῐ</em></strong></span> <span class='ocrx_word' id='word_1_23' title='bbox 1049 743 1151 841; x_wconf 88' lang='grc' dir='ltr'><strong><em>προσ-</em></strong></span> 
     </span>
     <span class='ocr_line' id='line_1_4' title="bbox 135 857 1191 947; baseline -0.002 -21"><span class='ocrx_word' id='word_1_24' title='bbox 135 859 335 946; x_wconf 82' lang='grc' dir='ltr'><strong><em>δεχομένοις.</em></strong></span> <span class='ocrx_word' id='word_1_25' title='bbox 387 863 648 946; x_wconf 75' lang='grc' dir='ltr'><strong><em>περιβαλόμενος</em></strong></span> <span class='ocrx_word' id='word_1_26' title='bbox 678 857 715 925; x_wconf 72' lang='grc' dir='ltr'><strong><em>δὲ</em></strong></span> <span class='ocrx_word' id='word_1_27' title='bbox 744 863 871 946; x_wconf 83' lang='grc' dir='ltr'><strong><em>πολλὴν</em></strong></span> <span class='ocrx_word' id='word_1_28' title='bbox 902 866 995 929; x_wconf 80' lang='grc' dir='ltr'><strong><em>λείαν</em></strong></span> <span class='ocrx_word' id='word_1_29' title='bbox 1025 861 1151 947; x_wconf 80' lang='grc' dir='ltr'><strong><em>ἀπῆγεν</em></strong></span> <span class='ocrx_word' id='word_1_30' title='bbox 1178 885 1191 924; x_wconf 83' lang='grc' dir='ltr'><strong><em>ε</em></strong></span> 
     </span>
     <span class='ocr_line' id='line_1_5' title="bbox 135 965 1146 1058; baseline 0.001 -24"><span class='ocrx_word' id='word_1_31' title='bbox 135 965 187 1034; x_wconf 81' lang='grc' dir='ltr'><strong><em>έπί</em></strong></span> <span class='ocrx_word' id='word_1_32' title='bbox 210 970 248 1033; x_wconf 89' lang='grc' dir='ltr'><strong><em>τὸ</em></strong></span> <span class='ocrx_word' id='word_1_33' title='bbox 272 971 465 1034; x_wconf 84' lang='grc' dir='ltr'><strong><em>νεόκτιστον</em></strong></span> <span class='ocrx_word' id='word_1_34' title='bbox 487 968 666 1054; x_wconf 84' lang='grc' dir='ltr'><strong><em>φρούριον,</em></strong></span> <span class='ocrx_word' id='word_1_35' title='bbox 680 966 815 1054; x_wconf 87' lang='grc' dir='ltr'><strong><em>Ιχαίρων</em></strong></span> <span class='ocrx_word' id='word_1_36' title='bbox 838 967 892 1035; x_wconf 81' lang='grc' dir='ltr'><strong><em>έπὶ</em></strong></span> <span class='ocrx_word' id='word_1_37' title='bbox 914 978 953 1055; x_wconf 75' lang='grc' dir='ltr'><strong><em>τῇ</em></strong></span> <span class='ocrx_word' id='word_1_38' title='bbox 972 971 1058 1058; x_wconf 78' lang='grc' dir='ltr'><strong><em>ὐγρςι</em></strong></span> <span class='ocrx_word' id='word_1_39' title='bbox 1076 967 1146 1036; x_wconf 88' lang='grc' dir='ltr'><strong><em>κατ’</em></strong></span> 
     </span>
     <span class='ocr_line' id='line_1_6' title="bbox 87 1068 1151 1167; baseline 0 -26"><span class='ocrx_word' id='word_1_40' title='bbox 87 1073 322 1162; x_wconf 72' lang='grc' dir='ltr'><strong><em>ιεεάμφότερα,</em></strong></span> <span class='ocrx_word' id='word_1_41' title='bbox 344 1083 402 1158; x_wconf 73' lang='grc' dir='ltr'><strong><em>τῆς</em></strong></span> <span class='ocrx_word' id='word_1_42' title='bbox 424 1068 452 1138; x_wconf 88' lang='grc' dir='ltr'><strong><em>τ’</em></strong></span> <span class='ocrx_word' id='word_1_43' title='bbox 474 1074 516 1140; x_wconf 91' lang='grc' dir='ltr'><strong><em>οὐ</em></strong></span> <span class='ocrx_word' id='word_1_44' title='bbox 540 1075 596 1139; x_wconf 82' lang='grc' dir='ltr'><strong><em>διὰ</em></strong></span> <span class='ocrx_word' id='word_1_45' title='bbox 619 1084 749 1160; x_wconf 82' lang='grc' dir='ltr'><strong><em>μακροῦ</em></strong></span> <span class='ocrx_word' id='word_1_46' title='bbox 771 1085 838 1141; x_wconf 82' lang='grc' dir='ltr'><strong><em>τῶν</em></strong></span> <span class='ocrx_word' id='word_1_47' title='bbox 860 1081 1029 1161; x_wconf 87' lang='grc' dir='ltr'><strong><em>πολεμίων</em></strong></span> <span class='ocrx_word' id='word_1_48' title='bbox 1052 1101 1151 1167; x_wconf 90' lang='grc' dir='ltr'><strong><em>τιμω-</em></strong></span> 
     </span>
     <span class='ocr_line' id='line_1_7' title="bbox 133 1179 1151 1269; baseline 0.002 -24"><span class='ocrx_word' id='word_1_49' title='bbox 133 1185 206 1265; x_wconf 91' lang='grc' dir='ltr'><strong><em>ρίας</em></strong></span> <span class='ocrx_word' id='word_1_50' title='bbox 230 1179 338 1264; x_wconf 80' lang='grc' dir='ltr'><strong><em>ἕνεκα,</em></strong></span> <span class='ocrx_word' id='word_1_51' title='bbox 360 1179 415 1246; x_wconf 80' lang='grc' dir='ltr'><strong><em>καί</em></strong></span> <span class='ocrx_word' id='word_1_52' title='bbox 439 1182 490 1246; x_wconf 86' lang='grc' dir='ltr'><strong><em>ὅτι</em></strong></span> <span class='ocrx_word' id='word_1_53' title='bbox 513 1193 582 1258; x_wconf 80' lang='grc' dir='ltr'><strong><em>τοῖς</em></strong></span> <span class='ocrx_word' id='word_1_54' title='bbox 605 1193 768 1267; x_wconf 79' lang='grc' dir='ltr'><strong><em>φρουροῖς</em></strong></span> <span class='ocrx_word' id='word_1_55' title='bbox 789 1191 850 1248; x_wconf 85' lang='grc' dir='ltr'><strong><em>τοῦ</em></strong></span> <span class='ocrx_word' id='word_1_56' title='bbox 873 1188 999 1269; x_wconf 86' lang='grc' dir='ltr'><strong><em>χωρίου</em></strong></span> <span class='ocrx_word' id='word_1_57' title='bbox 1022 1185 1151 1267; x_wconf 80' lang='grc' dir='ltr'><strong><em>πολλὴν</em></strong></span> 
     </span>
     <span class='ocr_line' id='line_1_8' title="bbox 133 1285 1151 1376; baseline 0.001 -24"><span class='ocrx_word' id='word_1_58' title='bbox 133 1290 248 1372; x_wconf 81' lang='grc' dir='ltr'><strong><em>ἔμελλε</em></strong></span> <span class='ocrx_word' id='word_1_59' title='bbox 271 1286 426 1374; x_wconf 77' lang='grc' dir='ltr'><strong><em>παρέξειν</em></strong></span> <span class='ocrx_word' id='word_1_60' title='bbox 449 1287 619 1376; x_wconf 82' lang='grc' dir='ltr'><strong><em>εὐπορίαν.</em></strong></span> <span class='ocrx_word' id='word_1_61' title='bbox 657 1285 757 1354; x_wconf 71' lang='grc' dir='ltr'><strong><em>οὐδέν</em></strong></span> <span class='ocrx_word' id='word_1_62' title='bbox 781 1289 844 1374; x_wconf 81' lang='grc' dir='ltr'><strong><em>γὰρ</em></strong></span> <span class='ocrx_word' id='word_1_63' title='bbox 868 1285 939 1353; x_wconf 88' lang='grc' dir='ltr'><strong><em>οὐτ’</em></strong></span> <span class='ocrx_word' id='word_1_64' title='bbox 961 1291 1069 1367; x_wconf 89' lang='grc' dir='ltr'><strong><em>είςτὸ</em></strong></span> <span class='ocrx_word' id='word_1_65' title='bbox 1093 1290 1151 1373; x_wconf 82' lang='grc' dir='ltr'><strong><em>δή-</em></strong></span> 
     </span>
     <span class='ocr_line' id='line_1_9' title="bbox 133 1393 1192 1478; baseline -0.004 -20"><span class='ocrx_word' id='word_1_66' title='bbox 133 1397 254 1478; x_wconf 89' lang='grc' dir='ltr'><strong><em>μόσιον</em></strong></span> <span class='ocrx_word' id='word_1_67' title='bbox 278 1393 471 1478; x_wconf 75' lang='grc' dir='ltr'><strong><em>ἀνήνεγκαν,</em></strong></span> <span class='ocrx_word' id='word_1_68' title='bbox 494 1395 570 1460; x_wconf 86' lang='grc' dir='ltr'><strong><em>οὐτε</em></strong></span> <span class='ocrx_word' id='word_1_69' title='bbox 593 1407 663 1472; x_wconf 78' lang='grc' dir='ltr'><strong><em>τοῖς</em></strong></span> <span class='ocrx_word' id='word_1_70' title='bbox 685 1393 957 1478; x_wconf 81' lang='grc' dir='ltr'><strong><em>στρατευομένοις</em></strong></span> <span class='ocrx_word' id='word_1_71' title='bbox 977 1395 1155 1477; x_wconf 81' lang='grc' dir='ltr'><strong><em>[ίδιιόταις]Ι</em></strong></span> <span class='ocrx_word' id='word_1_72' title='bbox 1166 1416 1192 1454; x_wconf 86' lang='grc' dir='ltr'><strong><em>ιο</em></strong></span> 
     </span>
     <span class='ocr_line' id='line_1_10' title="bbox 134 1498 1162 1587; baseline 0.002 -21"><span class='ocrx_word' id='word_1_73' title='bbox 134 1499 325 1585; x_wconf 87' lang='grc' dir='ltr'><strong><em>ἀπένειμεν,</em></strong></span> <span class='ocrx_word' id='word_1_74' title='bbox 352 1499 436 1566; x_wconf 84' lang='grc' dir='ltr'><strong><em>ἀλλά</em></strong></span> <span class='ocrx_word' id='word_1_75' title='bbox 464 1499 519 1566; x_wconf 82' lang='grc' dir='ltr'><strong><em>καὶ</em></strong></span> <span class='ocrx_word' id='word_1_76' title='bbox 541 1505 691 1587; x_wconf 87' lang='grc' dir='ltr'><strong><em>πρόβατα</em></strong></span> <span class='ocrx_word' id='word_1_77' title='bbox 713 1503 769 1566; x_wconf 82' lang='grc' dir='ltr'><strong><em>καί</em></strong></span> <span class='ocrx_word' id='word_1_78' title='bbox 791 1501 953 1584; x_wconf 83' lang='grc' dir='ltr'><strong><em>ὑποζύγια</em></strong></span> <span class='ocrx_word' id='word_1_79' title='bbox 975 1498 1031 1567; x_wconf 84' lang='grc' dir='ltr'><strong><em>καὶ</em></strong></span> <span class='ocrx_word' id='word_1_80' title='bbox 1055 1502 1162 1586; x_wconf 80' lang='grc' dir='ltr'><strong><em>ζεύγη.</em></strong></span> 
     </span>
     <span class='ocr_line' id='line_1_11' title="bbox 133 1601 1151 1693; baseline -0.002 -19"><span class='ocrx_word' id='word_1_81' title='bbox 133 1609 249 1692; x_wconf 82' lang='grc' dir='ltr'><strong><em>βοεικὰ</em></strong></span> <span class='ocrx_word' id='word_1_82' title='bbox 273 1605 329 1673; x_wconf 83' lang='grc' dir='ltr'><strong><em>καὶ</em></strong></span> <span class='ocrx_word' id='word_1_83' title='bbox 353 1608 492 1692; x_wconf 84' lang='grc' dir='ltr'><strong><em>σίδηρον</em></strong></span> <span class='ocrx_word' id='word_1_84' title='bbox 516 1605 571 1672; x_wconf 82' lang='grc' dir='ltr'><strong><em>καὶ</em></strong></span> <span class='ocrx_word' id='word_1_85' title='bbox 593 1601 711 1691; x_wconf 87' lang='grc' dir='ltr'><strong><em>τάλλα,</em></strong></span> <span class='ocrx_word' id='word_1_86' title='bbox 740 1607 802 1674; x_wconf 82' lang='grc' dir='ltr'><strong><em>ὅσα</em></strong></span> <span class='ocrx_word' id='word_1_87' title='bbox 825 1609 872 1684; x_wconf 88' lang='grc' dir='ltr'><strong><em>είς</em></strong></span> <span class='ocrx_word' id='word_1_88' title='bbox 894 1610 1058 1693; x_wconf 78' lang='grc' dir='ltr'><strong><em>γεωργίαν</em></strong></span> <span class='ocrx_word' id='word_1_89' title='bbox 1083 1607 1151 1674; x_wconf 88' lang='grc' dir='ltr'><strong><em>έπι-</em></strong></span> 
     </span>
     <span class='ocr_line' id='line_1_12' title="bbox 7 1699 1191 1814; baseline 0.001 -34"><span class='ocrx_word' id='word_1_90' title='bbox 7 1787 8 1814; x_wconf 23' lang='grc'>1</span> <span class='ocrx_word' id='word_1_91' title='bbox 97 1777 100 1786; x_wconf 88' lang='grc'><strong><em>,</em></strong></span> <span class='ocrx_word' id='word_1_92' title='bbox 133 1717 248 1800; x_wconf 88' lang='grc' dir='ltr'><strong><em>τήδεια</em></strong></span> <span class='ocrx_word' id='word_1_93' title='bbox 266 1699 407 1799; x_wconf 78' lang='grc' dir='ltr'><strong><em>ήν,τοίς</em></strong></span> <span class='ocrx_word' id='word_1_94' title='bbox 424 1717 615 1798; x_wconf 76' lang='grc' dir='ltr'><strong><em>περιπόλοις</em></strong></span> <span class='ocrx_word' id='word_1_95' title='bbox 633 1723 690 1799; x_wconf 76' lang='grc' dir='ltr'><strong><em>τῆς</em></strong></span> <span class='ocrx_word' id='word_1_96' title='bbox 708 1714 816 1801; x_wconf 84' lang='grc' dir='ltr'><strong><em>χώρας</em></strong></span> <span class='ocrx_word' id='word_1_97' title='bbox 834 1713 1017 1801; x_wconf 79' lang='grc' dir='ltr'><strong><em>ἐχαρίσατο.</em></strong></span> <span class='ocrx_word' id='word_1_98' title='bbox 1048 1724 1150 1804; x_wconf 83' lang='grc' dir='ltr'><strong><em>ταῦτα</em></strong></span> <span class='ocrx_word' id='word_1_99' title='bbox 1164 1718 1191 1781; x_wconf 88' lang='grc'><strong><em>6.</em></strong></span> 
     </span>
     <span class='ocr_line' id='line_1_13' title="bbox 6 1818 1200 1910; baseline -0.003 -19"><span class='ocrx_word' id='word_1_100' title='bbox 6 1819 10 1891; x_wconf 67' lang='grc' dir='ltr'><strong><em>,ἶ</em></strong></span> <span class='ocrx_word' id='word_1_101' title='bbox 134 1819 398 1906; x_wconf 81' lang='grc' dir='ltr'><strong><em>διαπραξόμενος</em></strong></span> <span class='ocrx_word' id='word_1_102' title='bbox 425 1819 550 1905; x_wconf 79' lang='grc' dir='ltr'><strong><em>ἀπῆγεν</em></strong></span> <span class='ocrx_word' id='word_1_103' title='bbox 578 1818 630 1886; x_wconf 76' lang='grc' dir='ltr'><strong><em>ἐπ’</em></strong></span> <span class='ocrx_word' id='word_1_104' title='bbox 659 1826 754 1886; x_wconf 91' lang='grc' dir='ltr'><strong><em>οίκου</em></strong></span> <span class='ocrx_word' id='word_1_105' title='bbox 782 1822 843 1910; x_wconf 86' lang='grc' dir='ltr'><strong><em>τήν</em></strong></span> <span class='ocrx_word' id='word_1_106' title='bbox 870 1823 1037 1907; x_wconf 84' lang='grc' dir='ltr'><strong><em>στρατιόν.</em></strong></span> <span class='ocrx_word' id='word_1_107' title='bbox 1081 1832 1152 1897; x_wconf 81' lang='grc' dir='ltr'><strong><em>τοίς</em></strong></span> <span class='ocrx_word' id='word_1_108' title='bbox 1198 1890 1200 1894; x_wconf 74' lang='grc'><strong><em>,</em></strong></span> 
     </span>
     <span class='ocr_line' id='line_1_14' title="bbox 134 1919 1191 2015; baseline 0 -23"><span class='ocrx_word' id='word_1_109' title='bbox 134 1924 171 1992; x_wconf 78' lang='grc' dir='ltr'><strong><em>δέ</em></strong></span> <span class='ocrx_word' id='word_1_110' title='bbox 187 1926 404 2004; x_wconf 88' lang='grc' dir='ltr'><strong><em>Οὐιεντανοίς</em></strong></span> <span class='ocrx_word' id='word_1_111' title='bbox 421 1919 504 2011; x_wconf 81' lang='grc' dir='ltr'><strong><em>μετά</em></strong></span> <span class='ocrx_word' id='word_1_112' title='bbox 520 1929 580 1994; x_wconf 85' lang='grc' dir='ltr'><strong><em>τὸν</em></strong></span> <span class='ocrx_word' id='word_1_113' title='bbox 594 1925 817 2015; x_wconf 70' lang='grc' dir='ltr'><strong><em>ἐπιτειχισμὸν</em></strong></span> <span class='ocrx_word' id='word_1_114' title='bbox 830 1939 892 1994; x_wconf 86' lang='grc' dir='ltr'><strong><em>τοῦ</em></strong></span> <span class='ocrx_word' id='word_1_115' title='bbox 905 1931 1030 2014; x_wconf 84' lang='grc' dir='ltr'><strong><em>χωρίον</em></strong></span> <span class='ocrx_word' id='word_1_116' title='bbox 1044 1939 1151 2004; x_wconf 83' lang='grc' dir='ltr'><strong><em>κακῶς</em></strong></span> <span class='ocrx_word' id='word_1_117' title='bbox 1166 1946 1191 1986; x_wconf 80' lang='lat'><strong><em>15</em></strong></span> 
     </span>
     <span class='ocr_line' id='line_1_15' title="bbox 132 2028 1151 2120; baseline 0 -21"><span class='ocrx_word' id='word_1_118' title='bbox 132 2035 222 2099; x_wconf 77' lang='grc' dir='ltr'><strong><em>πάνυ</em></strong></span> <span class='ocrx_word' id='word_1_119' title='bbox 245 2035 285 2098; x_wconf 85' lang='grc' dir='ltr'><strong><em>τά</em></strong></span> <span class='ocrx_word' id='word_1_120' title='bbox 307 2028 470 2120; x_wconf 77' lang='grc' dir='ltr'><strong><em>πράγματ’</em></strong></span> <span class='ocrx_word' id='word_1_121' title='bbox 491 2029 590 2120; x_wconf 76' lang='grc' dir='ltr'><strong><em>εἶχεν,</em></strong></span> <span class='ocrx_word' id='word_1_122' title='bbox 604 2035 690 2102; x_wconf 76' lang='grc' dir='ltr'><strong><em>ὀὐτε</em></strong></span> <span class='ocrx_word' id='word_1_123' title='bbox 713 2037 775 2119; x_wconf 88' lang='grc' dir='ltr'><strong><em>τήν</em></strong></span> <span class='ocrx_word' id='word_1_124' title='bbox 797 2044 861 2118; x_wconf 79' lang='grc' dir='ltr'><strong><em>γῆν</em></strong></span> <span class='ocrx_word' id='word_1_125' title='bbox 885 2037 932 2099; x_wconf 80' lang='grc' dir='ltr'><strong><em>ἔτι</em></strong></span> <span class='ocrx_word' id='word_1_126' title='bbox 952 2032 1151 2118; x_wconf 76' lang='grc' dir='ltr'><strong><em>δυναμένοις</em></strong></span> 
     </span>
     <span class='ocr_line' id='line_1_16' title="bbox 132 2139 1151 2227; baseline 0 -21"><span class='ocrx_word' id='word_1_127' title='bbox 132 2139 290 2226; x_wconf 79' lang='grc' dir='ltr'><strong><em>ἀσφαλῶς</em></strong></span> <span class='ocrx_word' id='word_1_128' title='bbox 309 2153 468 2227; x_wconf 82' lang='grc' dir='ltr'><strong><em>γεωργεῖν</em></strong></span> <span class='ocrx_word' id='word_1_129' title='bbox 488 2141 564 2207; x_wconf 88' lang='grc' dir='ltr'><strong><em>οὐτε</em></strong></span> <span class='ocrx_word' id='word_1_130' title='bbox 582 2142 641 2220; x_wconf 79' lang='grc' dir='ltr'><strong><em>τὰς</em></strong></span> <span class='ocrx_word' id='word_1_131' title='bbox 659 2141 784 2220; x_wconf 69' lang='grc' dir='ltr'><strong><em>ἔξωθεν</em></strong></span> <span class='ocrx_word' id='word_1_132' title='bbox 799 2139 1014 2225; x_wconf 78' lang='grc' dir='ltr'><strong><em>εἰσαγομένας</em></strong></span> <span class='ocrx_word' id='word_1_133' title='bbox 1027 2139 1151 2225; x_wconf 78' lang='grc' dir='ltr'><strong><em>ἀγορὰς</em></strong></span> 
     </span>
     <span class='ocr_line' id='line_1_17' title="bbox 133 2245 1183 2334; baseline 0.001 -23"><span class='ocrx_word' id='word_1_134' title='bbox 133 2245 300 2331; x_wconf 80' lang='grc' dir='ltr'><strong><em>δέχεσθαι.</em></strong></span> <span class='ocrx_word' id='word_1_135' title='bbox 345 2252 516 2332; x_wconf 88' lang='grc' dir='ltr'><strong><em>νείμαντες</em></strong></span> <span class='ocrx_word' id='word_1_136' title='bbox 543 2249 607 2333; x_wconf 79' lang='grc' dir='ltr'><strong><em>γὰρ</em></strong></span> <span class='ocrx_word' id='word_1_137' title='bbox 634 2250 682 2326; x_wconf 85' lang='grc' dir='ltr'><strong><em>είς</em></strong></span> <span class='ocrx_word' id='word_1_138' title='bbox 703 2247 840 2334; x_wconf 85' lang='grc' dir='ltr'><strong><em>τέτταρα</em></strong></span> <span class='ocrx_word' id='word_1_139' title='bbox 862 2246 944 2331; x_wconf 82' lang='grc' dir='ltr'><strong><em>μέρη</em></strong></span> <span class='ocrx_word' id='word_1_140' title='bbox 967 2249 1030 2332; x_wconf 84' lang='grc' dir='ltr'><strong><em>τήν</em></strong></span> <span class='ocrx_word' id='word_1_141' title='bbox 1053 2250 1183 2333; x_wconf 73' lang='grc' dir='ltr'><strong><em>στραλ</em></strong></span> 
     </span>
     <span class='ocr_line' id='line_1_18' title="bbox 133 2350 1152 2442; baseline 0.003 -25"><span class='ocrx_word' id='word_1_142' title='bbox 133 2353 209 2418; x_wconf 85' lang='grc' dir='ltr'><strong><em>τιδιν</em></strong></span> <span class='ocrx_word' id='word_1_143' title='bbox 237 2353 273 2416; x_wconf 86' lang='grc' dir='ltr'><strong><em>οί</em></strong></span> <span class='ocrx_word' id='word_1_144' title='bbox 296 2353 435 2438; x_wconf 77' lang='grc' dir='ltr'><strong><em>Φάβιοι,</em></strong></span> <span class='ocrx_word' id='word_1_145' title='bbox 464 2362 509 2442; x_wconf 73' lang='grc' dir='ltr'><strong><em>τῷ</em></strong></span> <span class='ocrx_word' id='word_1_146' title='bbox 536 2350 598 2439; x_wconf 74' lang='grc' dir='ltr'><strong><em>μέν</em></strong></span> <span class='ocrx_word' id='word_1_147' title='bbox 626 2352 676 2419; x_wconf 77' lang='grc' dir='ltr'><strong><em>ἑνὶ</em></strong></span> <span class='ocrx_word' id='word_1_148' title='bbox 702 2354 924 2438; x_wconf 87' lang='grc' dir='ltr'><strong><em>’διεφύλαττον</em></strong></span> <span class='ocrx_word' id='word_1_149' title='bbox 951 2356 988 2420; x_wconf 92' lang='grc' dir='ltr'><strong><em>τὸ</em></strong></span> <span class='ocrx_word' id='word_1_150' title='bbox 1016 2358 1152 2440; x_wconf 83' lang='grc' dir='ltr'><strong><em>χωρίον,</em></strong></span> 
     </span>
     <span class='ocr_line' id='line_1_19' title="bbox 134 2454 1217 2546; baseline 0 -23"><span class='ocrx_word' id='word_1_151' title='bbox 134 2470 204 2536; x_wconf 80' lang='grc' dir='ltr'><strong><em>τοῖς</em></strong></span> <span class='ocrx_word' id='word_1_152' title='bbox 227 2454 264 2523; x_wconf 79' lang='grc' dir='ltr'><strong><em>δέ</em></strong></span> <span class='ocrx_word' id='word_1_153' title='bbox 286 2456 375 2542; x_wconf 82' lang='grc' dir='ltr'><strong><em>τρισὶ</em></strong></span> <span class='ocrx_word' id='word_1_154' title='bbox 398 2460 459 2542; x_wconf 88' lang='grc' dir='ltr'><strong><em>τήν</em></strong></span> <span class='ocrx_word' id='word_1_155' title='bbox 482 2460 595 2546; x_wconf 78' lang='grc' dir='ltr'><strong><em>χώραν</em></strong></span> <span class='ocrx_word' id='word_1_156' title='bbox 617 2470 684 2524; x_wconf 81' lang='grc' dir='ltr'><strong><em>τῶν</em></strong></span> <span class='ocrx_word' id='word_1_157' title='bbox 702 2457 1026 2542; x_wconf 85' lang='grc' dir='ltr'><strong><em>πολεμίωνάγοντές</em></strong></span> <span class='ocrx_word' id='word_1_158' title='bbox 1043 2483 1077 2524; x_wconf 90' lang='grc' dir='ltr'><strong><em>τε</em></strong></span> <span class='ocrx_word' id='word_1_159' title='bbox 1097 2458 1192 2525; x_wconf 77' lang='grc' dir='ltr'><strong><em>καίεο</em></strong></span> <span class='ocrx_word' id='word_1_160' title='bbox 1214 2518 1217 2523; x_wconf 92' lang='grc'>.</span> 
     </span>
     <span class='ocr_line' id='line_1_20' title="bbox 135 2562 1175 2650; baseline 0.001 -21"><span class='ocrx_word' id='word_1_161' title='bbox 135 2563 294 2650; x_wconf 88' lang='grc' dir='ltr'><strong><em>φέροντες</em></strong></span> <span class='ocrx_word' id='word_1_162' title='bbox 317 2562 369 2629; x_wconf 82' lang='grc' dir='ltr'><strong><em>ἀεὶ</em></strong></span> <span class='ocrx_word' id='word_1_163' title='bbox 393 2564 578 2632; x_wconf 85' lang='grc' dir='ltr'><strong><em>διετέλουν·</em></strong></span> <span class='ocrx_word' id='word_1_164' title='bbox 601 2562 657 2629; x_wconf 85' lang='grc' dir='ltr'><strong><em>καὶ</em></strong></span> <span class='ocrx_word' id='word_1_165' title='bbox 675 2564 833 2641; x_wconf 81' lang='grc' dir='ltr'><strong><em>πολλάκις</em></strong></span> <span class='ocrx_word' id='word_1_166' title='bbox 851 2575 918 2628; x_wconf 77' lang='grc' dir='ltr'><strong><em>τῶν</em></strong></span> <span class='ocrx_word' id='word_1_167' title='bbox 939 2564 1151 2630; x_wconf 83' lang='grc' dir='ltr'><strong><em>Οὐιεντανῶν</em></strong></span> <span class='ocrx_word' id='word_1_168' title='bbox 1172 2610 1175 2614; x_wconf 91' lang='grc'><strong>-</strong></span> 
     </span>
     <span class='ocr_line' id='line_1_21' title="bbox 135 2668 1205 2757; baseline -0.001 -21"><span class='ocrx_word' id='word_1_169' title='bbox 135 2671 171 2736; x_wconf 84' lang='grc' dir='ltr'><strong><em>ἐκ</em></strong></span> <span class='ocrx_word' id='word_1_170' title='bbox 193 2680 254 2736; x_wconf 87' lang='grc' dir='ltr'><strong><em>τοῦ</em></strong></span> <span class='ocrx_word' id='word_1_171' title='bbox 277 2680 428 2757; x_wconf 83' lang='grc' dir='ltr'><strong><em>φανεροῦ</em></strong></span> <span class='ocrx_word' id='word_1_172' title='bbox 450 2668 479 2738; x_wconf 92' lang='grc' dir='ltr'><strong><em>τ’</em></strong></span> <span class='ocrx_word' id='word_1_173' title='bbox 502 2673 617 2748; x_wconf 78' lang='grc' dir='ltr'><strong><em>αὐτοῖς</em></strong></span> <span class='ocrx_word' id='word_1_174' title='bbox 639 2669 853 2754; x_wconf 76' lang='grc' dir='ltr'><strong><em>ἐπιθεμένων1</em></strong></span> <span class='ocrx_word' id='word_1_175' title='bbox 870 2670 956 2757; x_wconf 82' lang='grc' dir='ltr'><strong><em>χειρὶ</em></strong></span> <span class='ocrx_word' id='word_1_176' title='bbox 975 2669 1036 2735; x_wconf 92' lang='grc' dir='ltr'><strong><em>οὐκ</em></strong></span> <span class='ocrx_word' id='word_1_177' title='bbox 1056 2670 1150 2756; x_wconf 77' lang='grc' dir='ltr'><strong><em>ὀλίγῃ</em></strong></span> <span class='ocrx_word' id='word_1_178' title='bbox 1203 2686 1205 2691; x_wconf 82' lang='grc'>’</span> 
     </span>
    </p>
   </div>
   <div class='ocr_carea' id='block_1_2' title="bbox 7 273 1151 1390">
    <p class='ocr_par' dir='ltr' id='par_1_2' title="bbox 7 273 1151 1390">
     <span class='ocr_line' id='line_1_22' title="bbox 632 273 1151 342; baseline 0.008 -4"><span class='ocrx_word' id='word_1_179' title='bbox 632 273 657 328; x_wconf 83' lang='grc' dir='ltr'>Θ</span> <span class='ocrx_word' id='word_1_180' title='bbox 1085 276 1151 342; x_wconf 80' lang='grc'><strong><em>299</em></strong></span> 
     </span>
     <span class='ocr_line' id='line_1_23' title="bbox 133 432 1151 526; baseline 0.005 -25"><span class='ocrx_word' id='word_1_181' title='bbox 133 432 223 503; x_wconf 89' lang='grc' dir='ltr'><strong><em>τοῦτ’</em></strong></span> <span class='ocrx_word' id='word_1_182' title='bbox 255 433 425 519; x_wconf 76' lang='grc' dir='ltr'><strong><em>ἐξαγαγὼν</em></strong></span> <span class='ocrx_word' id='word_1_183' title='bbox 454 437 515 520; x_wconf 84' lang='grc' dir='ltr'><strong><em>τήν</em></strong></span> <span class='ocrx_word' id='word_1_184' title='bbox 546 437 692 520; x_wconf 86' lang='grc' dir='ltr'><strong><em>δύναμιν</em></strong></span> <span class='ocrx_word' id='word_1_185' title='bbox 721 439 911 524; x_wconf 77' lang='grc' dir='ltr'><strong><em>παρήλασεν</em></strong></span> <span class='ocrx_word' id='word_1_186' title='bbox 941 437 995 503; x_wconf 75' lang='grc' dir='ltr'><strong><em>ἐπὶ</em></strong></span> <span class='ocrx_word' id='word_1_187' title='bbox 1024 439 1151 526; x_wconf 80' lang='grc' dir='ltr'><strong><em>δάτερα</em></strong></span> 
     </span>
     <span class='ocr_line' id='line_1_24' title="bbox 7 829 84 1140; baseline 0 0"><span class='ocrx_word' id='word_1_188' title='bbox 7 829 13 1036; x_wconf 54' lang='lat'><em>³</em></span> <span class='ocrx_word' id='word_1_189' title='bbox 72 1092 84 1140; x_wconf 48' lang='lat'>1</span> 
     </span>
     <span class='ocr_line' id='line_1_25' title="bbox 7 1329 8 1390; baseline 0 0"><span class='ocrx_word' id='word_1_190' title='bbox 7 1329 8 1390; x_wconf 67' lang='grc' dir='ltr'><strong><em>λ</em></strong></span> 
     </span>
    </p>
   </div>
   <div class='ocr_carea' id='block_1_3' title="bbox 2 2775 1152 3004">
    <p class='ocr_par' dir='ltr' id='par_1_3' title="bbox 2 2775 1152 3004">
     <span class='ocr_line' id='line_1_26' title="bbox 134 2775 1151 2872; baseline -0.03 -16"><span class='ocrx_word' id='word_1_191' title='bbox 134 2777 189 2843; x_wconf 64' lang='grc' dir='ltr'><strong><em>καὶ</em></strong></span> <span class='ocrx_word' id='word_1_192' title='bbox 212 2780 259 2855; x_wconf 75' lang='grc' dir='ltr'><strong><em>εἰς</em></strong></span> <span class='ocrx_word' id='word_1_193' title='bbox 281 2783 385 2865; x_wconf 78' lang='grc' dir='ltr'><strong><em>χωρία</em></strong></span> <span class='ocrx_word' id='word_1_194' title='bbox 410 2777 559 2865; x_wconf 82' lang='grc' dir='ltr'><strong><em>ἐνέδραις</em></strong></span> <span class='ocrx_word' id='word_1_195' title='bbox 582 2780 783 2872; x_wconf 82' lang='grc' dir='ltr'><strong><em>κατεχόμενα</em></strong></span> <span class='ocrx_word' id='word_1_196' title='bbox 805 2775 1038 2861; x_wconf 84' lang='grc' dir='ltr'><strong><em>ὑπαγομένων,</em></strong></span> <span class='ocrx_word' id='word_1_197' title='bbox 1060 2797 1151 2861; x_wconf 66' lang='grc' dir='ltr'><strong><em>περι.</em></strong></span> 
     </span>
     <span class='ocr_line' id='line_1_27' title="bbox 2 2883 1152 3004; baseline -0.02 -49"><span class='ocrx_word' id='word_1_198' title='bbox 2 2961 3 3004; x_wconf 27' lang='grc'>1</span> <span class='ocrx_word' id='word_1_199' title='bbox 115 2909 117 2912; x_wconf 92' lang='grc'><strong><em>·</em></strong></span> <span class='ocrx_word' id='word_1_200' title='bbox 134 2893 219 2968; x_wconf 85' lang='grc' dir='ltr'><strong><em>ήσαν</em></strong></span> <span class='ocrx_word' id='word_1_201' title='bbox 238 2884 432 2971; x_wconf 88' lang='grc' dir='ltr'><strong><em>ἀμφοτέρως</em></strong></span> <span class='ocrx_word' id='word_1_202' title='bbox 449 2883 504 2950; x_wconf 84' lang='grc' dir='ltr'><strong><em>καὶ</em></strong></span> <span class='ocrx_word' id='word_1_203' title='bbox 522 2887 668 2961; x_wconf 83' lang='grc' dir='ltr'><strong><em>πολλοὺς</em></strong></span> <span class='ocrx_word' id='word_1_204' title='bbox 684 2887 824 2971; x_wconf 87' lang='grc' dir='ltr'><strong><em>νεκροὺς</em></strong></span> <span class='ocrx_word' id='word_1_205' title='bbox 837 2887 1033 2969; x_wconf 89' lang='grc' dir='ltr'><strong><em>ποιήσαντες</em></strong></span> <span class='ocrx_word' id='word_1_206' title='bbox 1047 2883 1152 2969; x_wconf 55' lang='lat' dir='ltr'><strong><em>3⁶⁶⁹)st-</em></strong></span> 
     </span>
    </p>
   </div>
   <div class='ocr_carea' id='block_1_4' title="bbox 2 2983 1218 3156">
    <p class='ocr_par' dir='ltr' id='par_1_4' title="bbox 2 2983 1218 3156">
     <span class='ocr_line' id='line_1_28' title="bbox 2 2983 1218 3079; baseline -0.01 -21"><span class='ocrx_word' id='word_1_207' title='bbox 2 3043 3 3058; x_wconf 39' lang='grc' dir='ltr'><strong><em>ι</em></strong></span> <span class='ocrx_word' id='word_1_208' title='bbox 62 2983 200 3069; x_wconf 66' lang='grc' dir='ltr'><strong><em>ἰιεελῶς</em></strong></span> <span class='ocrx_word' id='word_1_209' title='bbox 228 2989 377 3079; x_wconf 86' lang='grc' dir='ltr'><strong><em>ἀπήεσαν</em></strong></span> <span class='ocrx_word' id='word_1_210' title='bbox 400 2995 447 3068; x_wconf 90' lang='grc' dir='ltr'><strong><em>είς</em></strong></span> <span class='ocrx_word' id='word_1_211' title='bbox 469 2994 507 3058; x_wconf 91' lang='grc' dir='ltr'><strong><em>τὸ</em></strong></span> <span class='ocrx_word' id='word_1_212' title='bbox 530 2994 663 3077; x_wconf 82' lang='grc' dir='ltr'><strong><em>χωρίον.</em></strong></span> <span class='ocrx_word' id='word_1_213' title='bbox 710 2988 785 3058; x_wconf 73' lang='grc' dir='ltr'><strong><em>ὥστ’</em></strong></span> <span class='ocrx_word' id='word_1_214' title='bbox 810 2989 883 3057; x_wconf 87' lang='grc' dir='ltr'><strong><em>οὐδ’</em></strong></span> <span class='ocrx_word' id='word_1_215' title='bbox 907 2991 1008 3075; x_wconf 86' lang='grc' dir='ltr'><strong><em>ὁμόσε</em></strong></span> <span class='ocrx_word' id='word_1_216' title='bbox 1032 3003 1152 3076; x_wconf 80' lang='grc' dir='ltr'><strong><em>χωρεῖν</em></strong></span> <span class='ocrx_word' id='word_1_217' title='bbox 1166 3008 1218 3048; x_wconf 52' lang='grc' dir='ltr'><strong><em>ετἲ</em></strong></span> 
     </span>
     <span class='ocr_line' id='line_1_29' title="bbox 2 3103 129 3156; baseline -0.008 1"><span class='ocrx_word' id='word_1_218' title='bbox 2 3103 3 3150; x_wconf 63' lang='grc' dir='ltr'><strong><em>δ</em></strong></span> <span class='ocrx_word' id='word_1_219' title='bbox 124 3149 129 3156; x_wconf 91' lang='grc'>.</span> 
     </span>
    </p>
   </div>
   <div class='ocr_carea' id='block_1_5' title="bbox 0 2259 2 2952">
    <p class='ocr_par' dir='ltr' id='par_1_5' title="bbox 0 2259 2 2952">
     <span class='ocr_line' id='line_1_30' title="bbox 0 2259 2 2952; baseline 0 0"><span class='ocrx_word' id='word_1_220' title='bbox 0 2259 2 2952; x_wconf 95' lang='lat' dir='ltr'><strong><em> </em></strong></span> 
     </span>
    </p>
   </div>
   <div class='ocr_carea' id='block_1_6' title="bbox 2 3181 1154 3610">
    <p class='ocr_par' dir='ltr' id='par_1_6' title="bbox 2 3181 1154 3610">
     <span class='ocr_line' id='line_1_31' title="bbox 2 3181 1152 3254; baseline -0.005 -14"><span class='ocrx_word' id='word_1_221' title='bbox 2 3207 3 3240; x_wconf 81' lang='lat'>1</span> <span class='ocrx_word' id='word_1_222' title='bbox 208 3191 223 3237; x_wconf 78' lang='lat'><strong>2</strong></span> <span class='ocrx_word' id='word_1_223' title='bbox 247 3183 283 3238; x_wconf 86' lang='grc' dir='ltr'><strong><em>τδι</em></strong></span> <span class='ocrx_word' id='word_1_224' title='bbox 306 3183 486 3240; x_wconf 79' lang='lat' dir='ltr'><strong>de1.Reiske</strong></span> <span class='ocrx_word' id='word_1_225' title='bbox 576 3192 591 3239; x_wconf 86' lang='grc'>3</span> <span class='ocrx_word' id='word_1_226' title='bbox 615 3181 790 3254; x_wconf 82' lang='grc' dir='ltr'><strong><em>τετραμμένα</em></strong></span> <span class='ocrx_word' id='word_1_227' title='bbox 814 3201 837 3239; x_wconf 89' lang='grc' dir='ltr'><strong><em>ο.</em></strong></span> <span class='ocrx_word' id='word_1_228' title='bbox 857 3182 946 3237; x_wconf 76' lang='grc' dir='ltr'><strong><em>00δεύ</em></strong></span> <span class='ocrx_word' id='word_1_229' title='bbox 968 3181 1080 3250; x_wconf 36' lang='grc' dir='ltr'><strong><em>Οὐεερ,</em></strong></span> <span class='ocrx_word' id='word_1_230' title='bbox 1102 3186 1152 3237; x_wconf 77' lang='grc'><strong><em>175</em></strong></span> 
     </span>
     <span class='ocr_line' id='line_1_32' title="bbox 2 3253 1153 3326; baseline -0.003 -17"><span class='ocrx_word' id='word_1_231' title='bbox 2 3315 3 3318; x_wconf 11' lang='lat'>¹</span> <span class='ocrx_word' id='word_1_232' title='bbox 137 3261 170 3308; x_wconf 88' lang='lat'><strong><em>10</em></strong></span> <span class='ocrx_word' id='word_1_233' title='bbox 197 3254 359 3325; x_wconf 85' lang='grc' dir='ltr'><strong><em>ἀπήνεγκεν</em></strong></span> <span class='ocrx_word' id='word_1_234' title='bbox 384 3257 406 3309; x_wconf 92' lang='grc' dir='ltr'><strong><em>Ο</em></strong></span> <span class='ocrx_word' id='word_1_235' title='bbox 434 3255 591 3326; x_wconf 79' lang='grc' dir='ltr'><strong><em>ἀνήνεγκεν</em></strong></span> <span class='ocrx_word' id='word_1_236' title='bbox 617 3273 639 3310; x_wconf 83' lang='lat' dir='ltr'><strong><em>c.</em></strong></span> <span class='ocrx_word' id='word_1_237' title='bbox 663 3255 760 3324; x_wconf 74' lang='lat' dir='ltr'>Tegge</span> <span class='ocrx_word' id='word_1_238' title='bbox 784 3254 898 3320; x_wconf 72' lang='lat' dir='ltr'><strong>Quaest.</strong></span> <span class='ocrx_word' id='word_1_239' title='bbox 922 3253 957 3307; x_wconf 84' lang='lat' dir='ltr'><strong><em>de</em></strong></span> <span class='ocrx_word' id='word_1_240' title='bbox 979 3269 1077 3322; x_wconf 77' lang='lat' dir='ltr'><strong>praep.</strong></span> <span class='ocrx_word' id='word_1_241' title='bbox 1101 3270 1153 3307; x_wconf 81' lang='lat' dir='ltr'><strong><em>usu</em></strong></span> 
     </span>
     <span class='ocr_line' id='line_1_33' title="bbox 135 3323 1153 3398; baseline -0.003 -16"><span class='ocrx_word' id='word_1_242' title='bbox 135 3344 162 3396; x_wconf 88' lang='lat' dir='ltr'><strong><em>p.</em></strong></span> <span class='ocrx_word' id='word_1_243' title='bbox 182 3333 198 3382; x_wconf 83' lang='lat'><strong>8</strong></span> <span class='ocrx_word' id='word_1_244' title='bbox 222 3327 226 3398; x_wconf 83' lang='grc' dir='ltr'>Ι</span> <span class='ocrx_word' id='word_1_245' title='bbox 252 3343 302 3394; x_wconf 87' lang='lat' dir='ltr'><strong><em>pro</em></strong></span> <span class='ocrx_word' id='word_1_246' title='bbox 321 3333 380 3388; x_wconf 83' lang='grc' dir='ltr'><strong><em>τοῖς</em></strong></span> <span class='ocrx_word' id='word_1_247' title='bbox 398 3344 532 3396; x_wconf 85' lang='grc' dir='ltr'><strong><em>οτρατενο</em></strong></span> <span class='ocrx_word' id='word_1_248' title='bbox 553 3325 628 3389; x_wconf 81' lang='grc' dir='ltr'><strong><em>ένοις</em></strong></span> <span class='ocrx_word' id='word_1_249' title='bbox 647 3325 772 3388; x_wconf 84' lang='grc' dir='ltr'><strong><em>ίδιόταις</em></strong></span> <span class='ocrx_word' id='word_1_250' title='bbox 790 3342 813 3380; x_wconf 92' lang='grc' dir='ltr'><strong><em>ο.</em></strong></span> <span class='ocrx_word' id='word_1_251' title='bbox 832 3323 976 3392; x_wconf 80' lang='lat' dir='ltr'>Kiessling</span> <span class='ocrx_word' id='word_1_252' title='bbox 993 3330 1053 3386; x_wconf 76' lang='grc' dir='ltr'><strong><em>τοῖς</em></strong></span> <span class='ocrx_word' id='word_1_253' title='bbox 1070 3341 1153 3393; x_wconf 84' lang='grc' dir='ltr'><strong><em>στρα-</em></strong></span> 
     </span>
     <span class='ocr_line' id='line_1_34' title="bbox 134 3395 1152 3468; baseline -0.002 -17"><span class='ocrx_word' id='word_1_254' title='bbox 134 3399 258 3466; x_wconf 69' lang='grc' dir='ltr'><strong><em>τιώταις,</em></strong></span> <span class='ocrx_word' id='word_1_255' title='bbox 287 3396 413 3460; x_wconf 80' lang='grc' dir='ltr'><strong><em>ίδιόταις</em></strong></span> <span class='ocrx_word' id='word_1_256' title='bbox 440 3398 495 3452; x_wconf 84' lang='lat' dir='ltr'>del.</span> <span class='ocrx_word' id='word_1_257' title='bbox 546 3414 628 3468; x_wconf 79' lang='lat' dir='ltr'>ayser</span> <span class='ocrx_word' id='word_1_258' title='bbox 654 3397 726 3452; x_wconf 79' lang='lat' dir='ltr'><strong>Ann.</strong></span> <span class='ocrx_word' id='word_1_259' title='bbox 749 3395 819 3466; x_wconf 82' lang='lat' dir='ltr'>phil.</span> <span class='ocrx_word' id='word_1_260' title='bbox 847 3401 914 3450; x_wconf 74' lang='lat'>1868</span> <span class='ocrx_word' id='word_1_261' title='bbox 941 3413 968 3464; x_wconf 91' lang='lat' dir='ltr'><strong><em>p.</em></strong></span> <span class='ocrx_word' id='word_1_262' title='bbox 994 3401 1044 3451; x_wconf 81' lang='grc'><strong><em>817</em></strong></span> <span class='ocrx_word' id='word_1_263' title='bbox 1121 3402 1152 3450; x_wconf 77' lang='lat'><strong><em>12</em></strong></span> 
     </span>
     <span class='ocr_line' id='line_1_35' title="bbox 137 3465 1154 3545; baseline -0.001 -21"><span class='ocrx_word' id='word_1_264' title='bbox 137 3468 235 3541; x_wconf 82' lang='grc' dir='ltr'><strong><em>βοεικὰ</em></strong></span> <span class='ocrx_word' id='word_1_265' title='bbox 253 3468 331 3523; x_wconf 79' lang='lat' dir='ltr'><strong><em>ABG</em></strong></span> <span class='ocrx_word' id='word_1_266' title='bbox 357 3468 440 3542; x_wconf 78' lang='grc' dir='ltr'><strong><em>βοικδι</em></strong></span> <span class='ocrx_word' id='word_1_267' title='bbox 458 3469 603 3545; x_wconf 67' lang='grc' dir='ltr'><strong><em>Κὶοεελίης</em></strong></span> <span class='ocrx_word' id='word_1_268' title='bbox 676 3477 707 3523; x_wconf 83' lang='grc'><strong><em>16</em></strong></span> <span class='ocrx_word' id='word_1_269' title='bbox 732 3466 882 3538; x_wconf 76' lang='grc' dir='ltr'><strong><em>πράγματα</em></strong></span> <span class='ocrx_word' id='word_1_270' title='bbox 901 3465 948 3520; x_wconf 92' lang='lat' dir='ltr'><strong><em>Bb</em></strong></span> <span class='ocrx_word' id='word_1_271' title='bbox 1024 3473 1056 3522; x_wconf 86' lang='lat'><strong><em>18</em></strong></span> <span class='ocrx_word' id='word_1_272' title='bbox 1075 3466 1154 3537; x_wconf 78' lang='grc' dir='ltr'><strong><em>δέχε-</em></strong></span> 
     </span>
     <span class='ocr_line' id='line_1_36' title="bbox 137 3539 556 3610; baseline 0 -17"><span class='ocrx_word' id='word_1_273' title='bbox 137 3544 206 3595; x_wconf 75' lang='grc' dir='ltr'><strong><em>σθαι</em></strong></span> <span class='ocrx_word' id='word_1_274' title='bbox 225 3539 291 3595; x_wconf 84' lang='lat' dir='ltr'>add.</span> <span class='ocrx_word' id='word_1_275' title='bbox 310 3539 438 3610; x_wconf 79' lang='lat' dir='ltr'><strong>Bbcmg</strong></span> <span class='ocrx_word' id='word_1_276' title='bbox 455 3557 511 3596; x_wconf 89' lang='lat' dir='ltr'><strong><em>om.</em></strong></span> <span class='ocrx_word' id='word_1_277' title='bbox 530 3540 556 3593; x_wconf 84' lang='lat' dir='ltr'><strong>R</strong></span> 
     </span>
    </p>
   </div>
   <div class='ocr_carea' id='block_1_7' title="bbox 0 0 1300 3972">
    <p class='ocr_par' dir='ltr' id='par_1_7' title="bbox 0 0 1300 3972">
     <span class='ocr_line' id='line_1_37' title="bbox 0 0 1300 3972; baseline 0 0"><span class='ocrx_word' id='word_1_278' title='bbox 0 0 1300 3972; x_wconf 95' lang='lat' dir='ltr'><strong><em> </em></strong></span> 
     </span>
    </p>
   </div>
  </div>
 </body>
</html>
