2586 3972
186 241 252 307 218
611 246 778 294 -H-

185 429 279 483 καιος
305 404 400 490 ἀνόρ.
445 405 465 470 δ
492 401 555 489 μὲν
582 407 624 489 δὴ
647 406 821 490 κατασχὼν
843 403 1023 489 Ῥωμαίους
1044 404 1198 479 κίνδυνος

185 511 222 576 έκ
239 521 297 596 τῆς
316 511 543 578 Οὐολούσκων
560 535 594 576 τε
613 509 669 576 καὶ
686 514 845 577 Αἰκανῶν
863 511 1089 598 ἐπιστρατείας
1104 510 1199 594 Μάρ-

184 641 260 684 κιον
283 619 450 704 λαβούσης
466 618 625 703 ἡγεμόνα,
647 617 800 702 μέγιστος
816 629 884 684 τῶν
902 620 967 700 πρό
985 618 1090 683 αὐτοῦ
1109 618 1199 700 γενό-

185 748 285 809 μενος
311 723 367 791 καὶ
394 727 515 812 μικρὸν
536 725 693 811 ἀποσχὼν
715 735 777 791 τοῦ
802 735 913 791 πᾶσαν
938 726 1001 809 τὴν
1022 726 1123 789 πόλιν
1146 722 1254 787 διν-1654
1275 741 1276 754 ’

158 837 274 898 τελεῖν
297 831 334 897 ἐκ
356 832 508 918 βάθρων,
530 833 685 897 τοιούτου
707 831 824 909 τέλους
846 835 971 917 ἔτυχεν.

252 937 371 1002 Lxffl.
407 935 567 1022 Ἡμέραις
584 935 617 1003 ε’
638 938 768 1022 αιςεις
784 938 928 1023 ὕστερον
945 936 1140 1016 αειεοιες
1157 937 1200 1012 εις

184 1046 247 1127 τὴν
278 1043 450 1128 ὕπαιθρον
476 1042 631 1128 Ῥωμαῖοι
662 1049 769 1129 πολλῇ
802 1053 939 1132 στρατιᾷ
969 1055 1036 1110 τῶν
1067 1043 1199 1109 ὑπάτων
1276 1063 1277 1070 “

185 1149 338 1233 ἀγόντων
361 1150 569 1237 ἀμφοτέρων,
598 1149 654 1216 καὶ
675 1154 900 1236 προελθόντες
922 1152 999 1237 ἄχρι
1020 1161 1090 1216 τῶν
1113 1150 1199 1236 ὅρων
1277 1162 1278 1238 χ

184 1267 244 1341 τῆς
271 1256 433 1344 σφετέρας
458 1255 823 1343 κατεστρατοπέδευσαν
855 1255 911 1322 ἐπὶ
941 1260 1059 1342 λόφοις
1092 1258 1198 1339 δυσίν,

145 1387 172 1427 ιο
185 1366 275 1431 ἴδιον
313 1362 469 1451 ἑκατέρου
507 1375 575 1429 τῶν
613 1364 750 1431 ὑπάτων
782 1365 1007 1450 στρατόπεδον
1043 1359 1099 1428 ἐπὶ
1134 1373 1198 1438 τοῖς

184 1471 421 1557 ἐρυμνοτάτοις
446 1470 789 1555 <καταστησαμένου>.
834 1471 876 1536 οὐ
905 1472 972 1556 μὴν
995 1469 1142 1554 ἔδρασάν
1163 1491 1197 1552 γε

185 1574 287 1643 οὐδὲν
309 1577 432 1661 <ούτε>
455 1581 567 1661 μεῖζον
585 1576 677 1670 <ούτ’
704 1579 875 1662 ἔλαττον),
898 1573 969 1643 ἀλλ’
993 1574 1197 1661 ἀνέστρεψαν

184 1685 362 1770 άπρακτοι,
394 1686 501 1750 καίτοι
528 1685 630 1761 καλάς
657 1683 810 1771 ἀφορμάς
836 1686 966 1751 δόντων
992 1683 1109 1760 αὐτούς
1134 1691 1197 1746 τῶν

149 1793 354 1874 2πολεμίων
377 1790 502 1876 δρᾶσαί
520 1814 553 1856 τι
574 1801 742 1874 γενναῖον.
787 1794 943 1877 πρότεροι
967 1790 1031 1875 γὰρ
1054 1791 1103 1854 ἔτι
1125 1787 1197 1853 τού-

144 1919 171 1959 ιι
184 1922 252 1964 των
271 1895 485 1963 Οὐολοῦσκοί
503 1921 539 1963 τε
561 1895 616 1962 καὶ
638 1894 781 1964 Αἰκανοὶ
804 1897 945 1981 στρατὸν
968 1892 1023 1959 ἐπὶ
1045 1894 1108 1977 τὴν
1125 1891 1197 1957 Ῥω-

183 2008 291 2089 μαίων
320 2012 385 2086 γῆν
413 2005 542 2087 ἤγαγον
571 2006 709 2089 γνώμην
740 2003 960 2087 ποιησάμενοι
992 2003 1037 2086 μὴ
1069 1998 1196 2065 ἀνεῖναι
1280 2050 1281 2058 ,

183 2113 243 2177 τὸν
260 2114 389 2196 καιρόν,
411 2107 499 2194 ἀλλ’,
521 2110 584 2188 ἕως
602 2113 649 2177 ἔτι
671 2115 943 2194 καταπεπλῆχθαι
960 2111 998 2174 τὸ
1016 2107 1195 2182 ἀντίπαλον

184 2216 335 2301 ἐδόκουν,
363 2228 485 2303 χωρεῖν
507 2215 557 2283 ἐπ’
584 2217 682 2301 αὐτό,
710 2218 754 2296 ὡς
780 2215 835 2284 καὶ
864 2214 1019 2282 ἑκούσιον
1042 2214 1099 2279 διὰ
1123 2211 1194 2288 δέος

183 2326 488 2408 παραστησόμενον.
534 2325 769 2402 στασιάσαντες
787 2320 825 2389 δὲ
842 2320 919 2409 περὶ
940 2330 999 2406 τῆς
1021 2320 1248 2406 ἡγεμονίαςιεει

143 2426 253 2494 νοκατ’
276 2429 429 2513 ἀλλήλων
451 2431 492 2495 τά
515 2431 601 2496 ὅπλα
622 2432 777 2516 ἥρπασαν
799 2428 854 2495 καὶ
878 2430 1102 2514 συμπεσόντες
1122 2425 1194 2511 έμά-

182 2558 293 2620 χοντυ,
320 2537 397 2601 ούτε
420 2537 503 2602 κατὰ
525 2536 618 2615 τάξιν
641 2534 714 2602 οὔτ’
742 2535 778 2602 έκ
800 2535 1088 2623 παραγγέλματος,
1114 2531 1193 2599 ἀλλὰ

182 2642 317 2728 φύρδην
339 2639 396 2706 καὶ
418 2640 555 2726 ἀναμίξ,
582 2642 665 2707 ὥστε
693 2644 802 2707 πολύν
829 2640 862 2719 έξ
890 2640 1017 2726 ἀμφοῖν
1039 2639 1193 2724 γενέσθω

182 2750 305 2833 φόνον·
336 2745 393 2813 καὶ
423 2750 455 2812 εί
481 2748 525 2833 μὴ
554 2749 614 2824 δὺς
641 2748 659 2814 ὁ
687 2748 781 2832 ἥλιος
808 2750 973 2832 ἔφθασεν,
1005 2747 1127 2812 άπασαι
1153 2744 1192 2810 ἀν

182 2854 293 2921 αὐτῶν
317 2855 354 2919 αδ
370 2854 528 2938 δυνάμεις
546 2853 789 2940 διεφθάρησαν.
833 2862 874 2939 τῇ
895 2851 933 2919 δὲ
950 2852 1048 2919 νυκτὶ
1072 2853 1190 2938 λυούση

142 2981 168 3022 2⁶
181 2964 219 3028 τὸ
241 2973 353 3038 νεῖκος
375 2959 526 3026 ἀκούσιοι
549 2959 696 3038 εἴξαντες
719 2960 938 3046 διεκρίθησάν
960 2957 988 3025 τ’
1016 2959 1071 3026 ἀπ’
1099 2959 1191 3040 ἀλλή-

182 3072 251 3133 λων
273 3065 330 3133 καὶ
353 3065 406 3132 έπδ
429 3069 507 3144 τοὺς
526 3068 633 3144 ἰδίους
651 3066 797 3154 χάρακας
815 3065 1066 3152 ἀπηλλάγησαν·
1089 3065 1190 3132 ἕωθεν
1279 3085 1281 3154 3

253 3301 268 3348 λ
289 3288 320 3348 ἐκ
343 3301 399 3347 τῶν
425 3294 609 3349 Οὐολούσκων
627 3293 680 3348 AB
789 3299 805 3348 9
830 3293 911 3348 δυσὶν
935 3290 1048 3364 ἔχοντος
1075 3295 1145 3348 ἴδιον
1166 3306 1186 3344 ο.

181 3362 286 3419 Reisko
342 3373 374 3419 11
393 3364 642 3435 καταστησαμένου
661 3364 725 3420 add.
746 3363 890 3434 Kiessl'mg
906 3369 910 3430 Ι
926 3383 957 3434 γε
989 3385 1020 3420 τε
1037 3365 1090 3420 AB
1158 3367 1186 3415 12

181 3433 265 3489 οὐδὲν
284 3438 378 3505 μεῖζον
396 3431 458 3489 ἀλλ’
475 3435 525 3490 Ac
544 3439 639 3506 μεῖζον
658 3437 691 3491 οό
714 3434 822 3507 δὲν>Β
841 3435 926 3491 οὐδὲν
941 3455 956 3489 ο
992 3439 1112 3510 εμεῑζον
1129 3434 1186 3490 οότε

181 3503 295 3565 ἔλαττον
314 3505 438 3576 Sylburg
509 3513 544 3562 24
562 3506 702 3562 λύουαιΑ
1279 3543 1280 3546 =
