2674 3978
198 233 240 299 ιε
622 238 786 288 -z—

196 408 317 484 χωρεῖν
336 397 425 486 αὐτῷ
443 395 517 483 μήτ’
540 396 737 484 ἐπιτρέπειν,
762 390 835 463 ἀλλ’
852 395 1082 483 ἀντιπράττειν
1101 398 1215 481 λόγοις

196 502 309 570 τεκαὶ
337 507 446 589 ἔργοις
472 502 527 570 καλ
557 504 643 588 ὁμοῦ
664 503 789 581 πάντας
811 501 867 569 καὶ
889 501 948 568 ἕνα
972 502 1110 569 ἕκαστον
1134 504 1213 592 ίδίρι

160 612 237 679 6οὐ
260 612 335 699 γάρ,
358 610 401 676 ἀν
422 610 507 688 ἅπαξ
527 608 655 696 άμάρτη
681 632 729 688 τις
748 607 806 675 εῖτ’
830 607 1012 694 ἀπατηθεὶς
1029 605 1088 674 εῖτ’
1111 608 1213 694 ἀναγ-

194 720 342 799 κασθείς,
360 714 415 781 καὶ
433 715 473 780 τά
492 715 591 780 λοιπά
609 714 708 798 ὅμοια
726 716 780 780 δεῖ
795 714 964 801 πράττειν,
986 711 1059 781 ἀλλ’
1082 714 1214 782 ἐκείνου
1271 713 1279 725 ’

167 821 422 908 εμεμνημένους
440 815 543 886 τάλλα
561 821 650 898 ὅπως
668 822 712 905 μη
727 830 863 888 τοιαῦτα
876 824 1050 906 γενήσεται
1066 833 1211 888 σκοπεῖν.

194 941 296 996 ταῦτα
319 925 381 1012 μὲν
399 921 461 994 οὖν
481 927 583 1012 ἐστιν,
606 927 741 1013 δκοινῇ
760 927 885 1005 πάντας
903 927 990 1012 ὑμᾶς
1008 935 1119 1012 οίομαι
1138 930 1212 994 δεῖν

195 1036 379 1120 ἐγνωκότας
401 1029 498 1119 εἶναι,
521 1032 576 1100 καὶ
598 1035 869 1120 παρεσκευάσθαι
891 1036 974 1121 πρὸς
996 1035 1053 1112 τάς
1075 1033 1213 1113 ἀδίκους
1250 1119 1255 1126 ι

193 1152 254 1208 τοῦ
277 1144 385 1226 δόμον
408 1139 600 1219 πλεονεξίας
622 1152 782 1228 παραινῶ.

260 1247 330 1312 LII.
349 1245 405 1324 Ὡς
424 1243 461 1312 δὲ
478 1245 534 1312 καὶ
552 1257 662 1332 τοῦτο,
684 1245 760 1334 περὶ
778 1243 820 1313 οὗ
843 1245 921 1313 νυνὶ
944 1249 1115 1333 πρόκειται
1128 1263 1287 1321 ,ouo-1428

154 1378 180 1418 ιο
193 1367 269 1422 πεῖν
292 1355 409 1441 ὅμοιόν
433 1354 502 1421 ἐστι
524 1365 593 1431 τοῖς
616 1357 729 1432 άλλοις
756 1354 989 1440 ἐγχειρήμασιν
1013 1353 1212 1432 αὐτοῦτοῖς

134 1459 178 1537 ’ἶ
193 1461 321 1539 ἀδίκοις
339 1459 394 1526 καὶ
412 1464 628 1547 παρανόμοις,
651 1459 705 1526 καὶ
725 1461 797 1547 οὐχ,
821 1452 895 1527 οἷον
914 1461 932 1527 ὁ
952 1462 1120 1546 δήμαρχος
1139 1459 1211 1539 ἐξα-

192 1577 305 1635 πατῶν
328 1568 414 1652 ὑμᾶς
436 1566 587 1652 ἐπειρᾶτο
606 1566 817 1652 ἀποφαίνειν,
841 1569 972 1633 δίκαιον
990 1565 1045 1633 καὶ
1064 1564 1222 1652 μέτριον,Ι
1247 1577 1251 1583 “

192 1675 315 1760 μάθετε
339 1674 373 1740 οί
397 1678 494 1759 μήπω
523 1685 638 1759 σαφῶς
665 1675 798 1751 εἰδότες.
844 1674 863 1741 ὁ
890 1669 952 1758 μὲν
975 1668 1037 1739 οὖν
1064 1677 1168 1758 νόμος
1191 1673 1210 1740 δ

192 1779 267 1868 περὶ
290 1792 357 1846 τῶν
381 1782 603 1866 δικαστηρίων
621 1791 689 1846 τῶν
707 1781 907 1866 δημοτικῶν,
931 1773 957 1868 ᾧ
976 1778 1098 1858 Δέκιος
1116 1779 1211 1864 ἐκρα-

151 1909 179 1952 ιι
192 1889 314 1953 τόνατο
337 1886 488 1971 μάλιστα,
512 1887 553 1952 οὐ
569 1883 647 1952 καθ’
670 1886 765 1971 ὑμῶν
784 1885 912 1973 ἐγράφη
931 1897 998 1952 τῶν
1016 1889 1211 1973 πατρικίων,
1332 1915 1333 1962 3

192 1991 267 2059 ἀλλ’
295 1990 378 2080 ὑπὲρ
406 1992 587 2079 ἀσφαλείας
616 2003 683 2058 τῶν
714 1992 982 2080 κατισχυομένων
1009 1994 1210 2078 δημοτικῶν,

193 2099 237 2176 ὡς
260 2100 359 2176 αὐτός
381 2122 416 2165 τε
440 2101 540 2184 δηλοῖ
560 2100 690 2186 γραφάς
714 2101 798 2185 ἔχων
822 2099 883 2166 οὐκ
905 2099 1129 2186 ἀμφιβόλους,
1154 2098 1211 2165 καὶ
1331 2183 1332 2186 ¹

156 2206 287 2290 2ὑμεῖς
305 2217 402 2273 τοῦτο
421 2207 541 2284 πάντες
559 2204 611 2272 ἀεὶ
629 2205 739 2290 λέγετε
753 2213 861 2284 καλῶς
875 2205 1095 2291 ἐπιστάμενοι.
1125 2204 1210 2290 μέγα

193 2307 230 2376 δέ
257 2313 377 2377 τούτου
405 2317 543 2397 σημεῖόν
571 2311 676 2396 ἐστιν,
704 2311 722 2377 ό
751 2311 807 2378 καὶ
832 2315 956 2390 παντὸς
983 2311 1210 2398 ἀμφισβητου-

152 2438 179 2480 ιο
192 2414 296 2502 μένου
311 2419 441 2485 δικαίου
455 2422 627 2505 κριτήριον
641 2415 727 2486 εἶναι
742 2421 836 2486 δοκεῖ
849 2420 1036 2506 κράτιστον,
1055 2420 1073 2486 ὁ
1088 2422 1209 2504 χρόνος
1330 2403 1331 2410 ¹

192 2522 478 2608 ἐννεακαιδεκέτης
506 2526 571 2609 ἤδη
602 2527 765 2609 γεγονώς,
796 2525 829 2604 ἐξ
859 2521 901 2592 οὗ
931 2526 949 2592 ὁ
979 2528 1081 2610 νόμος
1110 2520 1209 2604 οὗτος

190 2629 303 2716 ἐτέθη·
332 2629 369 2696 ἐν
396 2624 423 2719 ᾧ
449 2629 548 2696 παντὶ
571 2631 692 2709 Δέκιος
718 2631 780 2698 οὐκ
807 2631 849 2698 ἀν
878 2635 948 2719 ἔχοι
976 2630 1080 2710 δεῖξαι
1109 2633 1208 2716 δίκην
1329 2601 1330 2630 ³

190 2737 351 2822 οὐδεμίαν
378 2739 454 2804 οὔτε
483 2738 647 2822 δημοσίαν
677 2735 746 2803 κατ’
774 2737 913 2815 οὐδενὸς
934 2749 1002 2804 τῶν
1025 2741 1213 2823 πατρικίων

190 2842 227 2910 έν
254 2851 299 2930 τῷ
328 2846 421 2932 νόμω
450 2844 707 2928 δεδικασμένην,
734 2840 806 2910 οὔτ’
839 2845 942 2910 ίδίαν·
973 2845 1005 2908 εί
1031 2839 1068 2909 δέ
1096 2845 1209 2929 φήσει,
1328 2853 1329 2859 ’

263 3077 277 3124 1
296 3069 464 3141 προτρέπειν
484 3071 506 3125 0
529 3066 689 3141 ἐπιτρέπειν
707 3070 882 3126 Camerarius
899 3073 904 3143 Ι
920 3070 1118 3140 ἀντιπράττειν
1137 3069 1158 3124 0
1177 3073 1208 3126 et
1327 3069 1328 3078 ’

190 3139 295 3194 Reiske
313 3142 531 3196 ἀντιτάττεσθαι
549 3160 572 3196 ο.
591 3141 735 3211 Kiessling
753 3143 819 3198 Βεε.
838 3142 933 3212 Progr.
953 3161 979 3212 p.
996 3148 1029 3196 19
1121 3148 1137 3196 2
1157 3142 1207 3196 mxl

190 3212 260 3281 ὁμοῦ
278 3211 387 3275 πάντας
405 3214 470 3267 add.
489 3213 590 3282 Bbmg
662 3213 858 3284 θάμάρτοιΒ
921 3211 1115 3282 ὅγένηταιΑ
1171 3220 1203 3267 11

191 3279 241 3337 οὖν
265 3281 319 3336 del.
344 3283 466 3337 Sintenis
490 3284 550 3336 Em.
573 3284 656 3339 Dion.
675 3285 715 3337 ΙΠ
737 3293 769 3338 12
861 3290 894 3338 14
913 3281 988 3339 δνΟ
1013 3282 1090 3358 <ὃν>
1112 3283 1157 3337 Bb
1182 3278 1204 3355 ᾦ

190 3353 297 3407 Grimm
322 3355 326 3422 Ι
352 3349 557 3423 ἐκρατύνετοΰ
646 3363 676 3409 17
696 3356 780 3418 αότός
797 3375 828 3424 γε
848 3354 871 3409 0
890 3372 959 3410 corr.
981 3354 1082 3409 Reiske
1170 3361 1203 3407 18

189 3426 204 3458 *
223 3424 345 3486 ἅπαντες
365 3424 387 3478 0
484 3432 517 3481 19
536 3434 618 3481 τοῦτο
638 3428 689 3479 ΑΒ
784 3435 817 3482 ‘21
838 3420 1106 3493 ἐννεακαιδεκαετής
1124 3424 1203 3479 ABb

190 3504 224 3552 23
244 3495 352 3551 οίιδέΒ
381 3495 443 3550 οὔτε
462 3495 488 3548 R
577 3505 611 3552 24
630 3493 661 3551 ἐν
683 3503 721 3569 τῷ
746 3497 821 3570 νόμφ
841 3497 895 3553 del.
915 3498 1022 3567 Kayser
1040 3503 1111 3552 Ann.
1130 3496 1200 3566 phil.
