2660 3976
584 207 750 256 -H-

226 364 382 430 XXVIII.
416 365 513 449 Φέρε,
537 364 595 430 έδιν
620 361 656 431 δέ
675 366 716 449 δὴ
734 367 961 452 κατορθώσῃς,
983 368 1019 432 τί
1033 367 1071 432 τὸ
1089 370 1176 430 θαυ-

160 473 286 556 μαστὸν
316 474 407 538 ἔσται
437 489 488 538 σοι
519 470 574 537 καὶ
604 472 827 557 περιμάχητον
856 470 1005 556 ἀγαθόν,
1033 470 1054 555 ῆ
1084 472 1177 548 τίνας

161 576 271 665 ἐξοίσῃ
301 577 414 658 δύξαςς
446 576 501 643 καί
531 578 594 664 γάρ
623 575 713 643 τοῦτ’
742 576 905 656 ἐξέτασον.
952 588 1086 664 πρῶτον
1115 572 1177 660 μὲν

159 695 228 750 τῶν
246 685 414 770 φιλτάτων
432 706 466 748 τε
485 681 540 748 καὶ
558 683 827 766 ἀναγκαιοτάτων
845 682 983 768 ὑπάρξει
1000 698 1053 750 σοι
1067 681 1178 768 στερέ-

133 797 244 856 εσθαι
268 789 443 875 σωμάτων,
465 791 587 876 μητρὸς
607 789 739 871 ἀθλίας,
763 783 785 876 ῃ
802 789 963 873 γενέσεως
979 787 1035 856 καὶ
1051 797 1179 874 τροφῆς

161 893 217 962 καὶ
248 907 316 962 τῶν
348 897 460 962 ἀλλων
492 889 540 960 ώυ
572 898 667 981 ἔσχεν
697 893 749 962 έπὶ
779 893 833 962 σοί
862 899 976 963 πόνων
1006 895 1047 961 ού
1075 897 1180 974 καλάς

162 1002 302 1088 ἀμοιβάς
332 1000 512 1078 ἀποδίδως·
545 1003 656 1066 ἔπειτα
685 1010 826 1086 γαμετῆς
843 1003 1042 1088 σώφρονος,
1072 1001 1094 1085 ἢ
1122 1002 1254 1069 διάισοο

161 1111 223 1178 τὸν,
250 1109 311 1174 σὸν
338 1109 451 1172 πάθον
478 1104 516 1171 έν
542 1106 660 1194 ἐρημίᾳ
687 1105 743 1173 καὶ
766 1110 881 1196 χηρείᾳ
902 1107 1048 1192 κάθηται
1069 1116 1180 1173 πᾶσαν

162 1212 290 1299 ἡμέραν
311 1211 369 1279 καὶ
390 1213 494 1284 νύκτα
516 1214 575 1290 τάς
597 1215 658 1291 σάς
680 1215 790 1298 φυγάς
812 1212 1013 1301 ὀδυρομένη·
1035 1215 1120 1298 πρὸς
1143 1210 1181 1280 δέ

124 1321 293 1396 τοσούτοις
321 1318 447 1385 τέκνων
477 1320 588 1404 δυεῖν,
617 1320 676 1398 οὓς
705 1319 806 1406 ε’χρῆν
834 1319 975 1404 ἀγαθῶν
1002 1322 1181 1405 προγόνων

164 1428 261 1503 ὄντας
283 1424 471 1508 ἀπογόνους
492 1432 704 1512 καρποῦσθαι
726 1427 785 1504 τάς
808 1425 944 1492 ἐκείνων
966 1426 1062 1511 τιμδς
1083 1426 1181 1492 εὐδο-

129 1531 306 1611 2ξοῦντας
324 1531 361 1597 έν
380 1531 563 1617 εὐτυχούσῃ
581 1540 620 1617 τῆ
639 1534 782 1618 πατρίδι.
810 1527 858 1598 ὧν
876 1531 1031 1598 ἁπάντων
1049 1532 1183 1617 οἰκτράς

164 1635 221 1702 καὶ
239 1637 368 1721 ἀτυχεῖς
386 1635 625 1723 ἀναγκασθήσῃ
644 1643 787 1722 θεωρεῖν
800 1637 1043 1724 καταστροφάς,
1060 1639 1092 1703 εί
1106 1643 1182 1704 τολ-

164 1745 278 1828 μήσεις
301 1742 482 1827 προσάγειν
503 1754 573 1821 τοῖς
595 1747 716 1829 τείχεσι
736 1746 795 1810 τὸν
812 1747 973 1828 πόλεμον·
995 1743 1037 1809 ού
1055 1745 1119 1829 γάρ
1138 1745 1181 1827 δῆ

102 1873 150 1914 Ιιτ
164 1851 339 1934 φείσονται
370 1860 438 1914 τῶν
470 1859 538 1915 σῶν
570 1849 714 1926 οὐδενὸς
743 1850 779 1914 οί
806 1848 884 1936 περὶ
913 1859 980 1916 τών
1012 1847 1182 1936 σφετέρων

163 1955 419 2033 κινδυνεύοντες
448 1953 503 2019 καὶ
533 1957 581 2032 είς
609 1955 650 2020 τά
680 1954 778 2039 ὅμοια
806 1965 915 2031 κακῶς
941 1955 1006 2020 ὑπὸ
1034 1964 1098 2021 σοῦ
1119 1956 1183 2020 πά-

165 2079 315 2146 σχοντες,
342 2058 415 2127 ἀλλ’
438 2062 486 2138 είς
508 2062 682 2144 αίκισμοὺς
703 2060 814 2128 αὐτῶν
836 2062 968 2138 δεινοὺς
990 2057 1047 2126 καὶ
1068 2061 1183 2147 ύβρεις

166 2165 314 2251 ἀνηλεεῖς
335 2165 391 2231 καὶ
413 2174 524 2231 πᾶσαν
547 2166 652 2250 ἀλλην
671 2165 765 2232 ίδέαν
783 2171 1056 2251 προπηλακισμοῦ
1074 2169 1183 2253 χωρή-

166 2289 284 2338 σουσιν
302 2273 368 2339 ὑπὸ
387 2283 455 2338 τῶν
474 2282 656 2357 συμφορῶν
675 2275 877 2358 βιαζόμενοι·
900 2271 956 2338 καί
974 2274 1102 2338 τούτων
1120 2273 1184 2358 οὐχ

126 2399 153 2439 εο
167 2379 202 2442 οί
218 2379 372 2463 δρῶντες,
395 2376 467 2444 ἀλλ’
484 2379 503 2446 ὁ
521 2380 584 2463 τῆν
601 2377 750 2462 ἀνάγκην
768 2378 881 2456 αὐτοῖς
900 2376 1060 2456 ἐπιτιθεὶς
1077 2384 1185 2458 αἴτιος

131 2485 239 2569 3έσῃ·
269 2484 393 2566 ἡδονὰς
420 2480 482 2568 μὲν
509 2485 551 2568 δῆ
578 2485 732 2580 τοιαύτας
759 2486 916 2571 καρπώσῃ
941 2485 1024 2550 κατά
1046 2485 1184 2569 γνώμην

166 2591 377 2676 χωρῆσαντύς
395 2607 448 2656 σοι
466 2591 566 2656 τοῦδε
584 2599 644 2656 τοῦ
664 2593 776 2675 ἔργον,
799 2593 937 2658 ἔπαινον
956 2586 996 2689 δξ
1010 2588 1065 2655 καὶ
1084 2593 1185 2674 ζῆλον

166 2693 222 2760 καὶ
250 2695 360 2779 τιμάς,
390 2689 437 2760 ών
467 2692 645 2781 ὀρέγεσθαι
674 2695 736 2781 χρῆ
766 2698 845 2773 τοὺς
871 2695 1020 2780 ἀγαθοὺς
1047 2697 1259 2782 άνδρας,1666

167 2802 283 2866 σκόπει
309 2804 405 2878 ποίας
431 2801 536 2878 τινάς·
567 2803 789 2885 μητροκτόνος
815 2804 958 2888 κεκλήσῃ
985 2799 1041 2866 καὶ
1067 2803 1186 2869 παιδο-

128 2925 154 2968 ει
166 2908 271 2991 φόνος
297 2902 354 2970 καὶ
380 2907 537 2989 γυναικὸς
564 2905 731 2991 ἀλιτήριος
757 2904 813 2972 καὶ
839 2909 998 2994 πατρίδος
1020 2906 1186 2994 ἀλάστωρ,

166 3009 222 3077 καὶ
245 3011 323 3077 οὔτε
344 3017 476 3077 θυσιῶν
499 3013 575 3077 οὔτε
597 3013 753 3079 σπονδῶν
772 3011 849 3079 οὔθ’
871 3011 990 3099 ἑστίας,
1014 3014 1090 3080 ὅποι
1107 3013 1181 3081 ποτ’

239 3173 255 3221 2
275 3165 333 3222 ἔστι
351 3166 404 3221 ΑΒ
423 3165 501 3223 ἔσται
519 3167 642 3239 Sylburg
727 3175 744 3223 4
762 3188 792 3223 τε
811 3169 876 3224 add.
896 3169 919 3223 B
1005 3175 1038 3224 13
1057 3170 1186 3240 ἀναγκα-

168 3235 348 3310 σθῆσ<η>Β
405 3245 438 3295 16
458 3237 497 3302 είς
516 3255 570 3293 om.
590 3241 610 3294 O
627 3245 632 3310 Ι
648 3239 773 3310 ὅμοιαΟ
796 3238 887 3295 οἰκεῖα
905 3257 929 3296 ο.
948 3239 1095 3311 ΚίοεεΙίιις
1150 3248 1185 3298 17

169 3309 280 3369 δεινοὺς
299 3307 364 3364 εδδ.
383 3309 406 3362 Β
497 3315 530 3364 21
550 3307 598 3382 ἔσῃ
618 3311 651 3365 σύ
671 3327 694 3365 ο.
713 3309 818 3365 Reiske
837 3305 948 3373 ἐπιθείς
966 3327 990 3366 ο.
1009 3309 1098 3366 Cobet
1117 3311 1185 3367 obs.

168 3396 196 3447 p.
212 3382 264 3434 160
288 3382 292 3446 Ι
322 3378 358 3447 δῆ
378 3379 443 3434 add.
462 3379 484 3432 Β
558 3387 591 3436 22
612 3379 730 3436 ἔπαινον
749 3379 781 3436 δὲ
800 3381 849 3435 καί
868 3385 950 3452 ζῆλον
968 3381 994 3436 A
1013 3380 1132 3438 ἔπαινον
1151 3383 1185 3439 δὲ

169 3448 205 3518 δὴ
225 3447 274 3502 καλ
293 3452 314 3514 ζ.
331 3450 352 3502 Β
408 3457 443 3504 24
462 3448 574 3532 *ποίας
592 3454 671 3514 τίνας
690 3454 711 3506 Β
731 3454 815 3515 ποίας
833 3452 881 3506 καὶ
899 3450 978 3514 τίνας
996 3453 1022 3506 R
1040 3452 1149 3508 correxi
