2656 3974
455 227 725 280 ’-Θ-
1083 231 1148 295 319

129 392 191 456 τὸν
224 386 279 454 ἐπὶ
310 399 380 466 τοίς
411 387 530 473 πένησι
557 387 822 476 μηχανωμένων,
853 389 908 458 καὶ
935 390 1055 477 πάνθ’,
1087 394 1148 460 δσα

129 497 262 562 πώποτε
299 496 394 562 δεινὰ
428 494 552 582 συνέβη
584 498 666 562 κατὰ
697 498 760 582 τῆν
792 497 995 584 ἀτέκμαρτόν
1027 522 1062 564 τε
1094 497 1148 565 καί

130 603 325 688 ἀφύλακτον
352 601 546 688 ἀνθρώποις
572 605 691 690 τύχην,
719 601 858 670 ἐκείνων
881 607 961 692 ἔργα
984 603 1148 690 λέγοντες,

57 710 291 798 1812ύβριστδις
318 705 404 775 εἶναι
430 713 570 795 πικροὺς
598 709 838 797 ἐξειργάσαντο.
884 713 1048 789 τοιούτοις
1070 714 1185 778 συν-4

130 820 285 904 εχόμενοι
311 828 424 893 κακοῖς
451 817 487 880 οί
510 815 631 883 ύπατοι
658 815 824 902 πέμπουσι
852 821 931 896 τοὺς
956 834 1147 904 συνωνησο-
1175 840 1188 881 ε

132 921 254 1008 μένους
285 932 378 989 σίτον
410 921 447 987 ἐκ
478 933 545 988 τῶν
576 924 741 1007 σύνεγγυς
767 927 879 990 τύπων
907 927 988 1009 μετὰ
1015 930 1149 992 πολλῶν

132 1030 324 1117 χρημάτων,
351 1026 407 1094 καὶ
433 1031 493 1095 τὸν
525 1028 561 1095 ἐν
584 1041 656 1107 ταῖς
678 1032 799 1108 οἰκίαις
821 1030 938 1110 ἔταξαν
960 1033 1008 1109 είς
1030 1036 1067 1100 τὸ
1092 1033 1149 1117 δη-

132 1141 253 1222 μόσιον
281 1133 461 1223 ἀναφέρειν
488 1139 568 1214 τοὺς
595 1138 643 1214 ε’ίς
669 1139 728 1203 τὸν
757 1134 884 1204 ἑαυτῶν
911 1140 987 1223 βίον
1012 1142 1150 1205 πλείονα

132 1253 193 1309 τοῦ
211 1246 348 1330 μετρίου
361 1241 628 1330 παραθεμένους,
645 1246 744 1330 τιμῆν
758 1245 930 1331 ὁρίσαντες
942 1244 1149 1331 ἀποχρῶσαν.

132 1345 236 1417 ταῦτα
257 1352 298 1435 δῆ
317 1347 372 1416 καὶ
390 1352 475 1417 άλλα
492 1351 600 1417 πολλὰ
614 1352 846 1437 μηχανώμενοι
861 1359 996 1417 τοιαῦτα
1010 1349 1149 1438 ἐπέσχον
1165 1373 1189 1412 ιο

132 1467 200 1524 τῶν
224 1459 376 1541 πενήτων
402 1458 461 1534 τάς
482 1460 691 1544 παρανομίας
712 1455 768 1523 καλ
791 1456 1006 1544 άναστροφῆν
1029 1459 1150 1542 ἔλαβον

132 1573 191 1649 τῆς
212 1566 261 1643 είς
282 1566 342 1631 τὸν
365 1567 512 1649 πόλεμον
534 1572 753 1652 παρασκευῆς.

200 1669 320 1736 XXVI.
350 1668 440 1736 Ἐπεὶ
463 1668 494 1735 δ’
516 1672 554 1737 αί
574 1667 635 1756 μὲν
658 1670 785 1750 ἐξωθεν
809 1670 997 1757 ἐβράδυνον
1020 1671 1151 1756 ἀγοραί,

60 1779 173 1847 ιειετδ
194 1774 226 1843 δ’
244 1776 337 1855 ἐντὸς
354 1779 483 1864 τείχους
500 1785 626 1864 τροφῆς
644 1777 784 1864 ἐχόμενα
802 1778 909 1844 πάντα
927 1778 1151 1860 κατανάλωτο,

134 1883 329 1971 ἀποστροφὴ
349 1880 387 1949 δέ
405 1894 472 1950 τῶν
490 1895 601 1950 κακῶν
619 1883 759 1970 οὐδεμία
774 1881 817 1969 ῆν
834 1882 940 1972 ἑτέρα,
957 1884 1042 1949 ἀλλὰ
1056 1885 1150 1948 δυεῖν
1165 1903 1190 1943 ιε

132 1991 280 2078 θάτερον
303 1989 416 2078 ἐχρῆν,
439 1990 460 2076 ῆ
482 1993 561 2068 τοὺς
582 1995 761 2076 πολεμίους
784 1991 936 2077 έκβαλείν
959 1989 996 2056 ἐκ
1014 1997 1071 2074 τῆς
1088 1989 1152 2075 χύ-

134 2121 195 2184 ρας
222 2095 331 2185 ἁπάσῃ
359 2097 501 2182 δυνάμει
527 2099 915 2184 παρακινδυνεύσαντας,
944 2095 965 2181 ῆ
993 2098 1152 2182 τειχήρεις

135 2203 297 2289 μένοντας
321 2204 388 2270 ὑπὸ
415 2208 516 2289 λιμοῦ
538 2227 573 2269 τε
596 2203 651 2271 καὶ
674 2205 818 2281 στάσεως
840 2206 1086 2289 διαφθαρῆναι,
1113 2204 1151 2269 τὸ

135 2313 342 2397 κουφότερον
365 2311 559 2398 αἱρούμενοι
581 2322 649 2378 τῶν
671 2323 782 2379 κακῶν
799 2313 950 2394 ἔγνωσαν
970 2310 1070 2394 ὁμόσε
1089 2334 1151 2396 χω-

136 2427 209 2504 ρείν
236 2425 306 2494 τοῖς
331 2415 368 2481 ἐκ
389 2427 456 2483 τῶν
478 2421 647 2502 πολεμίων
669 2419 801 2494 δεινοῖς.
846 2419 1092 2502 προαγαγόντες
1115 2394 1192 2512 δέξο

135 2525 195 2602 τὰς
218 2523 376 2607 δυνάμεις
399 2522 435 2588 ἐκ
457 2532 516 2609 τῆς
538 2527 665 2601 πόλεως
686 2522 762 2611 περὶ
784 2521 886 2608 μέσας
903 2524 1024 2600 νύκτας
1043 2521 1152 2606 διέβη-

137 2647 201 2697 σαν
228 2631 288 2696 τδν
314 2632 463 2714 ποταμὸν
487 2627 540 2695 ἐπὶ
563 2630 709 2715 σχεδίαις
730 2633 797 2712 καί,
819 2626 900 2715 πρὶν
922 2626 1049 2714 ἡμέραν
1072 2632 1152 2712 λαμ

137 2736 226 2823 πρδν
249 2733 423 2820 γενέσθαι,
451 2737 595 2820 πλησίον
617 2745 685 2801 τῶν
707 2738 876 2820 πολεμίων
898 2731 1153 2822 κατεστρατοπέ-

137 2846 271 2910 δευσαν.
315 2852 354 2928 τῆ
379 2839 410 2908 δ
432 2841 505 2927 ἑξῆς
527 2841 632 2930 ῆμέρμ
654 2845 878 2929 προελθόντες
900 2841 1017 2920 ἔταξαν
1039 2841 1084 2918 ὡς
1105 2842 1153 2918 είς

137 2950 247 3037 μάχην
269 2952 329 3016 τὸν
353 2952 505 3036 στρατόν.
542 2945 609 3037 εἶχε
633 2946 671 3015 δὲ
693 2951 730 3016 τὸ
754 2945 815 3034 μὲν
839 2947 949 3027 δεξιὸν
971 2959 1039 3014 τῶν
1057 2946 1153 3033 κερά-
1166 2964 1192 3006 2⁵

9 3139 10 3146 χ
137 3079 205 3123 των
230 3055 438 3142 Οὐεργίνιος,
460 3054 551 3123 τὸδ’
580 3057 754 3142 εὐώνυμον
777 3059 983 3143 Σερουίλιος.
1024 3056 1186 3130 ίδύντες3

208 3290 224 3340 2
245 3281 348 3360 συνέβη
368 3283 466 3340 addidi
484 3302 499 3340 ο
519 3284 552 3352 O,
572 3284 622 3354 qui
640 3286 700 3340 οοδ.
720 3285 809 3339 habet
825 3284 908 3340 δεινὰ
925 3213 1069 3351 smum
1136 3289 1152 3336 ὁ

136 3353 278 3427 πέμπουσι
295 3356 402 3426 Aemg
420 3355 488 3412 ὥστε
506 3353 556 3410 Bc
616 3356 699 3411 Ὶτδν
717 3354 743 3410 A
761 3356 857 3410 τῶνΒ
920 3351 1153 3423 θάποθεμὲνους

137 3445 159 3483 ο.
175 3426 250 3484 Smit
269 3425 335 3483 obs.
352 3446 380 3497 p.
396 3432 429 3482 39
503 3433 535 3482 11
556 3421 728 3551 ἐπιστὸοφῆν
748 3443 771 3482 ο.
787 3425 947 3495 Stephanus
1022 3430 1055 3479 14
1075 3420 1152 3487 ἐντὸς

136 3508 186 3555 τοῦ
204 3500 316 3568 τείχους
328 3501 353 3553 Α
369 3505 373 3569 Ι
390 3496 613 3571 κατανάλω<το>
706 3504 741 3553 20
760 3497 795 3568 δὴ
810 3496 884 3553 Pron
939 3503 974 3553 24
993 3497 1030 3559 ὡς
1049 3496 1113 3552 αδδ.
1128 3495 1151 3548 Β
