2674 3978
582 211 745 262 -Ζ-
1126 209 1171 276 33

150 365 229 436 οὔθ’
258 368 372 434 ὅπλων
400 369 476 435 οὔτε
504 373 614 454 λόγων
641 372 788 457 άπειροι,
819 376 961 460 προνοίᾳ
987 368 1048 456 μὲν
1076 370 1173 458 ἐχρη-

151 491 254 540 σαντο
277 478 384 560 πολλῇ
409 477 502 541 σίτου
525 499 561 541 τε
583 473 718 560 καὶτῆς
740 477 842 562 άλλης
862 476 985 564 άγορᾶς
1007 477 1171 563 ἐμπλῆσαι

151 580 214 663 τὴν
235 583 348 664 πόλιν,
371 580 416 658 ὡς
434 579 471 646 ἐν
493 591 532 668 τη
551 579 622 648 κατ’
645 583 750 667 αὐτὴν
768 583 921 672 εὐετηρίᾳ
938 592 996 668 τῆς
1014 586 1172 669 ὁμονοίας

151 697 213 754 τοῦ
245 689 399 771 πλήθους
429 687 593 773 κειμένης·
626 690 668 755 οὐ
700 691 766 775 μην
799 687 965 774 ἐξεγένετό
997 688 1028 774 γ’
1059 690 1172 769 αὐτοῖς

153 791 353 879 ἀμφοτέρων
376 779 593 879 άματούτων
610 807 736 882 τυχεῖν,
759 796 842 862 άλλδ
864 802 1086 882 συνεισῆλθεν
1104 799 1171 882 ἅμα
1197 817 1212 860 ι

152 908 199 986 τῷ
220 903 310 989 κόρᾳ
328 912 397 967 τῶν
416 900 556 985 ἀγαθῶν
575 902 596 986 ἡ
615 911 682 968 τῶν
700 901 917 989 χρησαμένων
935 905 1049 982 αὐτοῖς
1065 904 1171 989 ὕβρις.

152 1004 209 1071 καὶ
231 1008 305 1071 τότε
329 1006 371 1090 δὴ
393 1005 547 1091 μέγιστος
564 1005 722 1093 κατέλαβε
739 1010 801 1093 την
814 1006 943 1094 Ῥώμην
960 1010 1118 1087 κίνδυνος
1136 1008 1207 1088 έξθ

153 1110 268 1198 ἀρχῆς,
291 1112 346 1177 ὅτε
367 1110 474 1196 ἥκιστ’
501 1112 619 1179 ε’δόκει.
655 1115 744 1180 οἵτε
768 1115 832 1200 γὰρ
855 1113 909 1180 ἐπὶ
930 1116 993 1199 την
1013 1120 1171 1183 σιτωνίαν

153 1216 394 1295 ἀποσταλέντες
416 1215 472 1284 ὑπ’
495 1219 607 1285 αὐτῶν
624 1218 778 1306 πρέσβεις
794 1223 903 1286 πολὺν
921 1220 958 1286 ἐκ
977 1231 1045 1286 τῶν
1067 1245 1172 1308 παρα-

153 1329 346 1390 θαλαττίων
372 1348 407 1391 τε
434 1323 490 1391 καὶ
517 1329 701 1411 μεσογείων
728 1326 895 1413 ἐμπορίων
923 1338 1017 1393 σῖτον
1045 1328 1172 1413 ὠνησά-
1186 1349 1214 1390 ιο

154 1454 248 1515 μενοι
262 1432 451 1515 κατήγαγον
466 1434 621 1521 δημοσίᾳ,
636 1434 717 1499 οἵτε
731 1435 964 1518 διαμείβεσθαι
977 1433 1035 1510 τὰς
1049 1423 1174 1520 άγορδς

155 1538 315 1614 είωθότες
337 1536 519 1616 ἐκπαντὸς
541 1541 644 1605 τόπου
666 1545 852 1624 συνῆλθον,
873 1535 951 1625 παρ’
973 1532 1021 1604 ὧν
1038 1539 1058 1623 η
1077 1541 1174 1616 πόλις

84 1641 351 1728 ιοσοῶνησαμένη
370 1646 431 1710 τὸν
448 1647 575 1730 φόρτον
594 1643 630 1710 ἐκ
652 1655 720 1712 τῶν
738 1655 863 1711 κοινῶν
885 1644 1061 1732 χρημάτων
1084 1639 1173 1730 εἶχεν

154 1748 191 1815 ἐν
214 1754 358 1836 φυλακῇ.
398 1745 508 1834 ἦλθον
536 1747 574 1816 δέ
600 1749 656 1816 καὶ
683 1753 719 1817 οί
743 1755 906 1837 πρότερον
934 1748 1207 1827 άποσταλέντεςδ

153 1853 310 1941 πρέσβεις
332 1857 379 1932 είς
401 1859 562 1922 Σικελίαν
585 1856 745 1940 Γεγάνιος
767 1854 822 1922 καὶ
845 1855 1026 1942 Οὐαλέριος
1048 1856 1172 1932 πολλάς
1186 1876 1213 1919 1⁵

155 1962 292 2046 άγρντες
314 1962 474 2047 ὁλκάδας,
504 1961 541 2028 έν
565 1953 617 2039 αἷς
639 1961 829 2054 ἐκομίζοντο
852 1973 969 2049 πυρῶν
991 1961 1088 2028 πέντε
1111 1986 1173 2046 μυ-

156 2068 268 2154 ριάδες
288 2070 465 2154 μεδίμνων
489 2073 689 2152 Σικελικῶν,
717 2063 765 2134 ὧν
791 2070 829 2134 τὸ
857 2065 919 2153 μέν
944 2069 1047 2153 ἥμισυ
1074 2066 1173 2153 μέρος

156 2174 286 2258 ὠνητὸν
299 2170 342 2258 ἦν
356 2177 511 2261 βραχείας
523 2175 613 2241 πάνυ
627 2183 734 2276 τιμῆς,
748 2177 785 2241 τὸ
801 2171 837 2240 δέ
852 2174 996 2241 λοιπὸνὸ
1009 2174 1173 2257 τύραννος

156 2279 351 2348 ἀπεστάλκει
377 2291 498 2366 προῖκα
525 2282 606 2358 δοὺς
631 2277 687 2346 καὶ
714 2279 821 2346 τέλεσι
848 2282 1076 2366 παρακομίσας
1102 2289 1174 2356 τοῖς

158 2388 264 2463 χρίοις,
296 2387 342 2464 ὡς
360 2383 392 2451 δ’
413 2385 607 2471 ἀπηγγέλθη
626 2397 695 2464 τοῖς
714 2385 751 2452 έν
769 2394 808 2472 τῇ
827 2387 921 2451 πόλει
945 2386 963 2452 ὁ
985 2368 1214 2483 κατάπλουςῇ

156 2503 223 2558 τῶν
241 2503 386 2578 σιτηγῶν
405 2493 558 2560 ὁλκάδων
576 2504 645 2558 τῶν
659 2491 722 2559 ἀπὸ
737 2495 904 2575 Σικελίας,
921 2493 1027 2576 πολλὴ
1044 2495 1174 2577 ζήτησις

158 2597 307 2665 ἐνέπιπτε
338 2609 408 2676 τοῖς
437 2603 622 2685 πατρικίοις
648 2595 732 2685 ὑπὲρ
758 2607 818 2683 της
845 2596 1028 2675 διαθέσεως
1059 2597 1173 2663 αὐτοῦ.

157 2706 192 2771 οί
203 2702 264 2790 μὲν
283 2707 346 2792 γάρ
366 2703 600 2773 ἐπιεικέστατοι
618 2705 730 2772 αὐτῶν
743 2703 799 2770 καὶ
817 2706 1078 2790 φιλοδημότατοι
1092 2704 1174 2783 πρὸς

157 2812 213 2888 τὰς
239 2813 440 2898 κατεχούσας
466 2814 504 2878 τὸ
531 2814 648 2878 κοινὸν
675 2812 821 2896 άνάγκας
848 2808 1090 2895 ἀποβλέποντες
1112 2809 1173 2891 την

157 2939 192 2982 τε
213 2919 303 3003 παρὰ
325 2926 386 2984 τοῦ
408 2917 577 3004 τυράννου
601 2919 731 3005 δωρεάν
753 2913 927 3003 παρῄνουν
946 2915 1078 2980 άπασαν
1101 2915 1172 2978 δια-
1186 2931 1214 2976 ει

157 3033 267 3109 νεῖμαι
285 3033 355 3099 τοίς
373 3023 573 3107 δημοτικοῖς,
591 3021 646 3089 καὶ
664 3027 724 3092 τὸν
744 3019 917 3107 ὠνηθέντα
936 3020 972 3086 έκ
989 3030 1056 3086 τῶν
1071 3021 1173 3105 δημο·

23 3311 27 3318 ,
229 3247 426 3331 6χρησομένω
427 3271 445 3306 ν
464 3251 487 3305 0
506 3267 576 3321 χρησ
617 3271 648 3306 εν
649 3266 730 3305 ωνο.
749 3248 894 3318 ΚίεεεΙίυς
986 3247 1068 3304 Βὸτε
1101 3247 1173 3302 ὅθεν

160 3270 1173 3394 c.Kiossling9n021'1vvadoesssmntalqapfiecwam&ess

158 3391 219 3473 ling
297 3397 331 3447 15
325 3339 381 3448 8έν
400 3396 437 3448 Σ
438 3391 558 3449 κελίαΟ
577 3395 660 3463 τεο
647 3392 732 3448 erB
810 3397 845 3446 25
864 3321 953 3446 ὁπαβσι
973 3389 1173 3446 Οάπασανο.

160 3461 283 3519 Sintenis
302 3464 363 3519 Em.
383 3463 464 3521 Dion.
479 3447 518 3519 111
533 3472 564 3519 11

211 3563 590 3606 mmnnmsoo
996 3554 1013 3602 3
