2656 3974
602 219 769 271 -Θ-
913 253 917 260 ·
1128 218 1193 284 389

177 377 235 454 τάς
253 377 369 461 πύλας,
393 379 460 462 ἀμα
478 387 547 455 τοῖς
565 377 795 463 ἀκμαιοτάτοις
814 377 1026 467 ἐκτρέχουσιν
1044 377 1098 447 ἐπὶ
1116 384 1195 459 τοὺς

153 486 368 574 ,πολεμίους’
389 480 459 550 κατ’
483 485 581 570 ἀμφω
604 508 640 550 τε
662 487 702 550 τά
725 483 808 573 μέρη
831 496 888 572 τῆς
906 491 1095 573 προσβολῆς
1114 504 1194 574 συρ-

178 588 334 676 ράξαντες
370 590 482 669 αὐτοῖς
519 588 744 677 ἀποτρέπουσι
774 594 852 670 τοὺς
884 592 1116 677 ἐπιβαίνοντας
1146 601 1193 681 τῷ

177 695 305 782 χάρακι.
342 705 465 784 τροπῆς
488 693 525 762 δέ
548 695 728 783 γενομένης
748 699 766 766 ό
785 695 847 783 μέν
864 699 987 777 ὕπατος
1006 696 1055 766 ἀπ’
1078 699 1231 783 ὀλίγονὸ

170 801 298 880 ’διώξας
319 805 398 880 τοὺς
420 801 498 868 καθ’
524 801 643 870 ἑαυτὸν
668 803 911 891 [τεταγμένους]
937 805 1151 892 ἀνέστρεψεν·
1175 806 1194 872 δ
1221 824 1235 865 ⁶

178 905 209 974 δ’
241 909 385 995 ἀδελφὸς
416 909 519 976 αὐτοῦ
549 907 604 976 καὶ
633 912 837 997 πρεσβευτὴς
866 915 1017 990 Πόπλιος
1048 913 1194 999 Φούριος

106 1015 242 1084 1924ὑπὸ
276 1017 419 1099 λήματός
450 1038 485 1080 τε
515 1013 570 1082 καὶ
598 1020 789 1111 προθυμίας
817 1021 1001 1105 φερόμενος
1031 1020 1109 1105 ἀχρι
1137 1027 1195 1102 τῆς

177 1124 388 1207 παρεμβολῆς
415 1131 483 1186 τῶν
504 1125 672 1206 πολεμίων
694 1124 796 1206 ἤλασε
820 1124 952 1190 διώκων
975 1147 1009 1190 τε
1032 1122 1088 1190 καὶ
1110 1127 1194 1189 κτεί-

177 1252 256 1293 νων.
306 1221 392 1312 ἦσαν
426 1223 464 1292 δὲ
496 1229 558 1294 δύο
589 1240 720 1315 σπεῖραι
749 1227 825 1315 περὶ
854 1229 958 1295 αὐτὸν
988 1228 1030 1294 οὐ
1059 1231 1194 1306 πλείους

178 1331 313 1417 ἀνδρῶν
340 1336 476 1420 ἔχουσαι
502 1338 628 1420 χιλίων.
673 1343 773 1402 τοῦτο
796 1339 963 1420 μαθόντες
985 1335 1022 1400 οί
1041 1331 1193 1420 πολέμιοι
1208 1355 1234 1396 ιο

44 1439 49 1446 “
177 1438 252 1525 περὶ
274 1444 559 1527 πεντακισχιλίους
582 1441 723 1526 μάλιστα
743 1444 929 1526 γενόμενοι,
951 1450 1119 1529 χωροῦσιν
1139 1438 1190 1507 ἀπ’

177 1547 280 1615 αὐτὸν
300 1546 336 1613 ἐκ
353 1557 414 1615 τοῦ
432 1547 587 1634 χάρακος·
606 1544 661 1612 καὶ
680 1542 774 1615 οὗτοι
793 1544 854 1633 μέν
874 1547 906 1626 ἐξ
926 1545 1078 1625 ἐναντίας
1092 1563 1194 1633 προσ-

175 1651 295 1742 ῄεσαν,
333 1655 441 1731 ἱππεῖς
475 1649 506 1720 δ’
542 1653 654 1720 αὐτῶν
689 1655 799 1744 κόκλφ
829 1654 1083 1742 περιελάσαντες
1112 1654 1194 1718 κατά

176 1763 285 1828 νώτου
308 1771 378 1838 τοῖς
395 1757 566 1844 Ῥωμαίοις
590 1759 791 1846 ἐφίστανται.
828 1763 933 1851 τούτῳ
956 1762 998 1847 δη
1018 1767 1064 1849 τῷ
1083 1762 1228 1848 τρόπφῦ

176 1865 403 1944 κυκλωθέντες
429 1862 486 1932 ὑπ’
514 1867 624 1934 αὐτῶν
652 1867 688 1934 οί
713 1869 776 1933 σὺν
803 1875 849 1956 τῷ
874 1869 1013 1957 Ποπλίφ
1038 1862 1093 1932 καὶ
1118 1866 1194 1951 δίχα
1208 1885 1233 1927 ιι

178 1983 245 2040 τῶν
279 1971 449 2060 σφετέρων
480 1972 746 2059 ἀποληφθέντες,
779 1973 853 2053 ἐξὸν
885 1973 998 2051 αὐτοῦς
1030 1973 1194 2052 σώζεσθαι

176 2080 364 2165 παραδοῦσι
382 2081 422 2145 τά
437 2080 535 2147 δπλα·
554 2081 805 2167 προύκαλοῦντο
819 2081 883 2166 γάρ
898 2079 1019 2157 αὐτοὺς
1033 2081 1080 2157 είς
1093 2089 1193 2145 τοῦτο

178 2187 214 2252 οί
240 2181 393 2270 πολέμιοι
421 2185 477 2252 καὶ
506 2184 582 2274 περὶ
609 2192 737 2253 πολλοῦ
765 2185 940 2254 ἐποιοῦντο
968 2189 1096 2272 χιλίους
1117 2183 1194 2251 Ῥω-

177 2295 286 2377 μαίων
308 2294 386 2369 τοῦς
409 2292 565 2379 ἀρίστους
586 2294 812 2379 αίχμαλώτους
830 2296 958 2378 λαβεῖν,
981 2292 1025 2370 ὡς
1043 2293 1100 2357 διά
1118 2293 1194 2357 τοῦ·

176 2422 245 2465 των
269 2399 436 2477 διαλύσεις
459 2400 679 2486 εὑρησόμενοι
701 2400 804 2476 καλάς
825 2409 887 2466 τοῦ
908 2397 1068 2483 πολέμου·
1096 2421 1193 2464 κατα·
1207 2418 1233 2458 ιο

177 2507 405 2592 φρονήσαντες
440 2505 551 2572 αὐτῶν
587 2503 642 2571 καὶ
677 2507 1004 2591 παρακελευσάμενοι
1038 2504 1195 2589 ἀλλήλοις

107 2609 282 2696 ιοεσμηδὲν
305 2611 441 2691 ἀνάξιον
464 2611 585 2700 πρᾶξαι
606 2621 664 2696 τῆς
681 2615 819 2696 πόλεως,
842 2615 1023 2698 μαχόμενοι
1041 2608 1097 2676 καὶ
1113 2615 1194 2676 πολ-

11 2803 12 2806 ,
178 2721 257 2796 λοὺς
290 2715 542 2796 ἀποκτείναντες
573 2729 641 2786 τῶν
672 2721 840 2803 πολεμίων
872 2719 1013 2796 ἀπαντες
1045 2716 1194 2800 ἀποθνή-

11 2833 14 2918 χ
177 2841 324 2891 σκουσιν.

11 2933 13 3026 ’λ
243 2929 379 2996 ΙιΧΙΠΙ.
416 2929 687 3018 Διαφθαρέντων
715 2927 753 2996 δὲ
780 2930 908 2997 τούτων
937 2927 1138 3016 ἐπαρθέντες
1160 2927 1196 2996 οί
1206 2945 1233 2988 2⁵

13 3027 14 3066 ό
177 3035 319 3104 Αἰκανοὶ
343 3045 388 3125 τῷ
411 3040 634 3124 προτερήματι
657 3045 811 3124 παρῆσαν
831 3034 883 3102 ἐπὶ
902 3039 961 3103 τὸν
980 3036 1107 3124 χάρακα
1126 3045 1193 3102 τῶν

170 3141 357 3230 Ῥωμαίων,
384 3147 445 3228 την
467 3167 502 3210 τε
525 3155 585 3211 τοῦ
609 3147 764 3211 Ποπλίου
787 3143 935 3229 κεφαλὴν
959 3140 1012 3209 ἐπὶ
1035 3144 1195 3229 δορατίου

248 3343 263 3391 2
284 3335 516 3410 συ<ρρά>ξαντες
533 3335 556 3388 Β
629 3341 645 3390 5
664 3334 851 3406 τεταγμένους
869 3354 923 3392 om.
942 3337 965 3390 B
991 3337 995 3404 J
1020 3331 1195 3406 ἀνέστρεψεν

177 3405 248 3476 ἔχων
267 3407 292 3461 Α
365 3415 379 3462 7
400 3407 540 3478 λη’μματος
558 3407 605 3461 Bb
628 3410 632 3479 λ
652 3427 681 3464 τε
701 3424 754 3463 om.
773 3408 797 3462 B
818 3410 822 3479 Ι
843 3404 1031 3480 ἐκφερόμενος
1050 3422 1073 3461 ο.
1088 3405 1194 3461 Reisko

176 3483 210 3532 16
229 3475 454 3548 ἀπολειφθέντες
471 3482 494 3534 Α
