2660 3976
534 221 695 270 -Ζ-
1056 220 1117 283 111

110 373 145 452 ὑς
167 376 207 442 οὐ
228 380 343 464 καιρὸς
366 377 403 443 έν
426 387 471 466 τῷ
490 382 630 465 παρόντι
649 377 771 464 λέγειν,
793 378 848 445 καὶ
866 385 988 467 χρόνος
1006 381 1121 462 οὐθεὶς

108 480 198 569 μέχρι
220 494 281 550 τοῦ
304 487 469 569 παρόντος
491 484 680 569 ἀπομαθεῖν
698 485 719 569 ῆ
738 491 974 573 παρανομῆσαί
994 510 1025 553 τι
1045 487 1120 575 περὶ

49 591 181 666 1481τοὺς
208 589 413 676 ὀργιασμοὺς
440 602 508 656 τῶν
536 598 629 656 θεῶν
657 594 787 658 ἔπεισεν
815 591 885 658 οὔτ’
916 595 1121 677 Αἰγυπτίους

107 695 179 761 οὑτε
200 699 331 782 Λίβυας
354 697 431 764 ούτε
454 699 603 776 Κελτοὺς
630 699 707 764 οὔτε
730 699 869 777 Σκύθας
899 697 968 766 οὔτ’
992 697 1121 779 Ἰνδοὺς

106 799 172 866 οὔτ’
197 804 282 869 ἀλλο
308 804 482 890 βάρβαρον
508 806 610 882 ἔθνος
637 801 738 872 οὐδέν
762 804 884 884 ἁπλῶς·
913 809 944 872 εί
965 810 1010 892 μή
1033 830 1120 885 τινες
1147 826 1160 867 ⁶

104 904 159 992 ὑφ’
186 905 309 995 ἑτέρων
332 909 465 998 ἐξουσίᾳ
487 907 567 975 ποτὲ
590 913 765 994 γενόμενοι
787 912 828 976 τὰ
851 923 917 978 τῶν
936 914 1119 1000 κρατησόν-

104 1036 168 1079 των
193 1015 457 1100 ἠναγκάσθησαν
485 1013 726 1101 ἐπιτηδεύματα
757 1022 963 1102 μεταλαβεῖν.
1012 1029 1052 1106 τῆ
1081 1017 1118 1086 δέ

99 1115 266 1204 Ῥωμαίων
288 1124 383 1187 πόλει
405 1121 560 1206 τοιαύτης
587 1108 746 1189 οὐδέποτε
769 1130 971 1209 πειραθῆναι
994 1125 1118 1211 συνέβη

102 1226 210 1312 τύχης,
234 1223 306 1292 ἀλλ’
329 1225 411 1309 αὐτῆ
434 1227 474 1290 τὺ
498 1228 610 1293 δίκαια
628 1227 735 1294 τάττει
759 1230 815 1294 διδ
837 1231 962 1307 παντὸς
985 1227 1140 1316 ἑτέροις.-

101 1333 131 1395 εί
150 1334 192 1417 δῆ
217 1313 523 1419 βάρβαροναὺτῶν
546 1335 583 1399 τὸ
602 1333 699 1418 γένος
716 1329 771 1418 ῆν,
794 1335 956 1401 τοσούτου
980 1335 1022 1402 δν
1046 1319 1158 1434 έδεῑξ0

101 1454 183 1521 ησαν
206 1437 305 1505 αὐτοὶ
326 1440 368 1506 τὰ
389 1447 525 1528 πατρῷα
550 1441 621 1525 ίερά
644 1437 699 1505 καὶ
722 1443 800 1517 τοὺς
828 1438 1024 1526 ἐπιχωρίους
1047 1443 1118 1509 ε’θι-

101 1548 202 1628 σμοὺς
225 1545 428 1629 ἀπομαθεῖν,
456 1542 500 1611 δι’
528 1545 587 1622 οὓς
609 1547 657 1624 είς
678 1547 844 1631 τοσαύτην
867 1552 1042 1632 προῆλθον
1065 1549 1118 1637 εὑῇ

100 1651 290 1737 δαιμονίαν,
314 1649 475 1717 ὥστεκαὶ
495 1662 565 1729 τοῖς
583 1653 697 1729 ἀλλοις
715 1654 851 1737 ἀπασιν,
873 1647 920 1718 ὧν
939 1648 1057 1741 ἦρχον,
1080 1654 1117 1720 έν

98 1755 193 1846 καλβ
205 1755 412 1842 κατέστησαν
429 1760 507 1834 τοὺς
524 1760 628 1835 θεοὺς
642 1769 711 1835 τοῖς
726 1756 897 1844 σφετέροις
911 1769 1010 1844 τιμᾶν
1023 1765 1118 1845 νομί·
1188 1813 1193 1820 .

99 1883 183 1946 μοις·
211 1860 269 1928 καὶ
297 1858 402 1928 οὐθέν
425 1861 467 1928 ἀν
490 1861 656 1930 ἐκώλυσεν
684 1865 773 1930 ἅπαν
799 1863 1116 1950 ἐκβεβαρβαρῶσθαι
1131 1884 1157 1926 ιο

97 1970 133 2034 τὸ
151 1967 350 2054 Ἑλληνικὸν
368 1969 435 2035 ὑπὸ
453 1964 622 2053 Ῥωμαίων
642 1967 788 2054 ἑβδόμην
805 1972 870 2054 ῆδη
889 1973 1116 2056 κρατούμενον

98 2071 152 2140 ὑπ’
180 2075 293 2141 αὑτων
316 2074 447 2159 γενεάν,
470 2081 561 2160 εἴπερ
585 2070 672 2160 ἦσαν
694 2061 876 2162 βάρβαροι.-

22 2191 97 2264 1483
161 2180 282 2246 LXXI.
314 2178 449 2266 Ἕτερος
475 2177 537 2265 μὲν
565 2176 628 2246 οὑν
651 2181 800 2269 ἀποχρῆν
824 2181 866 2248 ἀν
888 2180 1033 2267 ὑπέλαβε
1060 2182 1116 2250 καὶ

98 2286 179 2352 αὐτὰ
209 2288 251 2352 τὰ
281 2296 346 2354 νῦν
375 2290 583 2373 πραττόμενα
613 2287 650 2354 έν
679 2297 718 2375 τῆ
749 2291 844 2356 πόλει
872 2289 1048 2375 μηνύματα
1075 2291 1116 2358 οὐ

22 2379 23 2430 1
97 2393 195 2478 μικρὰ
218 2403 287 2458 τῶν
309 2397 460 2458 παλαιῶν
479 2391 747 2480 ἐπιτηδευμάτων
764 2394 959 2479 ὑπολαβεῖν·
983 2395 1047 2479 ἐγὼ
1067 2394 1114 2483 δ’,
1129 2419 1155 2460 εο

97 2497 151 2562 ἵνα
178 2501 225 2583 μῆ
254 2521 304 2575 τις
331 2497 457 2584 ἀσθενῆ
487 2499 550 2583 τῆν
571 2504 684 2566 πίστιν
706 2495 793 2566 εἶναι
816 2501 939 2584 ταύτην
961 2502 1114 2590 ὑπολάβη

99 2605 188 2686 [εἴτε]
209 2601 279 2670 κατ’
303 2602 433 2689 ἐκείνην
451 2606 512 2689 τῆν
531 2604 700 2672 ἀπίθανον
718 2606 898 2690 ὑπόληψιν,
922 2607 973 2672 δτι
992 2609 1116 2685 παντὸς

97 2720 154 2776 τοῦ
177 2709 376 2794 Ἑλληνικοῦ
403 2714 623 2797 κρατήσαντες
651 2709 801 2796 ἀσμένως
833 2711 874 2778 ἀν
906 2714 946 2778 τὰ
978 2716 1114 2797 κρείττω

98 2814 286 2901 μετέμαθον
310 2818 373 2902 ἔθη
392 2827 458 2882 τῶν
477 2815 663 2902 ἐπιχωρίων
681 2817 906 2902 ὑπεριδόντες,
930 2817 963 2897 ἐξ
983 2818 1113 2886 ἐκείνου

168 3048 202 3096 11
221 3047 340 3115 πατρῷα
359 3039 421 3113 ἱερὰ
439 3041 544 3098 Reiske
562 3063 584 3098 τι
602 3051 660 3098 ῶνα
680 3040 743 3113 ίερδι
761 3042 784 3098 Ο
804 3044 855 3098 sed
873 3043 908 3100 cf.
924 3051 966 3113 97,
983 3050 1016 3099 14
1081 3053 1113 3100 13

99 3119 183 3168 πᾶσιν
201 3113 225 3167 Β
316 3120 348 3168 19
369 3109 416 3169 ἐπὶ
433 3121 467 3186 τῆ
485 3113 566 3170 πόλει
585 3065 608 3170 ἀ)
628 3110 659 3169 έν
678 3135 701 3170 τ.
720 3134 750 3170 τι.
769 3114 913 3186 Kiessling
932 3115 987 3170 del.
1006 3115 1114 3184 Kayser

99 3182 166 3240 Ann.
186 3183 257 3256 phil.
274 3189 343 3240 1868
383 3190 457 3242 .816
530 3185 789 3260 2οπαλ<αι>ῶνΒ
806 3188 810 3255 Ι
826 3186 980 3260 ὑπολαβεῖν
1000 3187 1022 3242 O
1042 3187 1114 3242 ἀπο-

100 3257 192 3330 λαβεῖν
212 3255 339 3311 Sintenis
357 3203 419 3312 διο.
438 3255 519 3312 Dion.
534 3256 574 3311 III
592 3277 619 3326 p.
636 3262 682 3324 10,
707 3255 762 3311 del.
781 3255 936 3326 Kiessling‚
961 3259 1114 3332 ὑπολαβεῖν

100 3341 121 3382 ο.
139 3327 313 3398 Grasberger
330 3326 495 3398 Philologus
510 3335 544 3384 28
558 3329 650 3398 (1869)
664 3345 692 3398 p.
708 3333 759 3384 ⁶53
814 3335 848 3382 22
869 3329 924 3384 εἴτε
943 3329 997 3384 del.
1012 3329 1113 3385 Portus

101 3397 152 3455 εἴτε
173 3397 238 3454 κατ’
264 3399 351 3468 ἀλλην
380 3401 435 3454 εἴτε
458 3396 522 3453 κατ’
546 3394 659 3470 ἐκείνην
688 3416 710 3454 ο.
735 3398 860 3454 Sintenis
883 3399 944 3454 Em.
967 3400 1050 3456 Dion.
1074 3401 1113 3454 III
