2674 3978
562 283 723 330 -Ζ-
1106 279 1149 344 85

130 439 310 527 ηργμένοις
330 442 440 526 έργοις
460 441 641 508 ἀκόλουθα.
687 444 719 506 εί
740 438 771 506 δ’
793 440 1038 528 αὐθαδέστερος
1060 445 1149 509 ἔσται

131 552 260 632 μᾶλλον
283 547 305 632 ἣ
328 548 555 636 μετριώτερος,
576 546 632 613 καὶ
654 549 716 632 τὴν
738 550 866 633 βουλὴν
889 547 1022 627 ἀξιώσει
1044 550 1150 615 πάντα

131 657 294 722 κίνδυνον
317 651 362 720 δι’
386 653 505 722 ἑαυτὸν
527 653 723 740 ὑπομένειν,
750 657 855 739 κακὴν
877 652 938 740 μὲν
961 650 1078 740 ἧτταν,
1101 658 1150 720 αί-

131 763 236 848 σχρδν
265 757 303 827 δὲ
330 765 429 846 νίκην
455 773 527 840 τοῖς
547 769 715 827 πεισθεῖσι
738 763 924 848 προσάψειν
948 761 1050 828 αὐτὸν
1073 759 1150 826 ἀπέ-

131 887 266 954 φαινεν·
299 863 342 953 ἦν
368 865 398 933 τ’
424 867 571 934 ἐνταῦθα
598 870 703 947 πολὺς
729 869 977 956 ὀλοφυρόμενος
1004 866 1150 934 καὶτῶν
1176 891 1190 931 5

131 978 456 1061 καταλαμβανόντων
482 985 594 1041 κακῶν
620 976 679 1052 τδις
705 979 818 1053 πόλεις
846 975 883 1042 ἐν
904 987 976 1054 ταίς
999 977 1150 1062 διχοστα-

132 1087 220 1160 σίαις
243 1085 283 1148 τά
307 1080 444 1167 μέγιστα
466 1081 521 1148 καὶ
545 1084 760 1168 φανερώτατα
783 1081 1021 1168 ἐπιλεγόμενος.

65 1208 131 1257 1439
201 1188 272 1255 LV.
306 1187 451 1267 Διεξιὼν
478 1185 516 1254 δὲ
543 1198 645 1255 ταῦτα
672 1191 752 1274 μετδ
775 1194 909 1256 πολλῶν
932 1191 1087 1273 δακρύων
1109 1189 1151 1256 οὐ

131 1306 368 1381 προσποιητῶν
390 1294 446 1361 καὶ
467 1295 722 1381 πεπλασμένων,
750 1294 821 1362 ἀλλ’
848 1297 1039 1381 ἀληθινῶν,
1066 1294 1150 1379 ἀνὴρ

132 1403 263 1487 ἡλικίας
284 1426 320 1468 τε
343 1401 398 1467 καὶ
421 1401 538 1489 ἀρετῆς
560 1402 693 1482 ἀξιώσει
716 1404 885 1491 προῦχων,
908 1403 952 1480 ώς
975 1404 1078 1486 ἔμαθε
1101 1425 1150 1466 κι-
1165 1424 1190 1464 ιο

131 1511 302 1596 νούμενον
335 1508 388 1575 ἐπὶ
419 1521 490 1588 τοῖς
517 1509 708 1596 λεγομένοις
734 1513 772 1576 τὸ
800 1508 995 1595 συνέδριον,
1027 1507 1064 1573 έκ
1090 1517 1150 1574 τοῦ

131 1620 379 1705 τεθαρρηκότος
400 1619 464 1701 ἤδη
487 1620 525 1684 τὸ
549 1620 668 1684 λοιπὸν
692 1616 847 1703 ἐξύφαινε
869 1627 936 1685 τών
960 1619 1082 1700 λόγων·
1108 1616 1153 1678 Ee

132 1723 173 1790 δέ
192 1748 284 1802 τινες
305 1724 418 1809 ὑμῶν,
447 1719 472 1789 ὦ
496 1726 689 1809 βουλευταί,
712 1721 835 1808 λέγων,
857 1724 1072 1808 ταράττονται
1095 1722 1151 1788 δο-

131 1841 271 1906 κοῦντες
294 1832 374 1908 ἔθος
397 1830 542 1915 είσάγειν
565 1832 714 1916 πονηρὸν
736 1832 784 1908 είς
805 1831 867 1914 την
889 1834 1000 1914 πόλιν,
1024 1828 1082 1895 ἐὰν
1104 1837 1149 1916 τῷ

133 1939 228 2027 δήμω
257 1940 491 2023 συγχωρήσητε
513 1947 628 2023 ψῆφον
651 1935 820 2024 ἐπιφέρειν
843 1939 925 2003 κατδι
946 1947 1014 2002 τῶν
1036 1957 1150 2021 πατρι-
1164 1955 1190 1997 ιε

131 2048 233 2128 κίων,
259 2042 316 2109 καὶ
343 2040 393 2110 ἐπ’
421 2043 535 2111 οὐδενὶ
565 2043 683 2132 ἀγαθῷ
712 2047 883 2129 νομίζουσι
910 2046 971 2129 την
999 2055 1065 2108 τών
1093 2044 1151 2126 δη-

132 2151 270 2236 μάρχων
294 2149 449 2229 ἐξουσίαν
471 2153 600 2236 πολλὴν
624 2152 721 2237 ἰσχὺν
745 2155 915 2236 λαβοῦσαν
937 2153 1150 2235 γενήσεσθαι,

132 2254 333 2341 μαθέτωσαν
360 2256 603 2343 ἁμαρτάνοντες
630 2258 729 2342 (τῆς)
752 2256 850 2341 δόξης
872 2254 927 2322 καὶ
949 2255 1107 2323 τάναντία
1129 2254 1150 2340 ἢ

132 2372 301 2450 προσῆκεν
327 2364 553 2450 ὑπειληφότες.
600 2366 631 2430 εί
656 2365 719 2451 γάρ
747 2387 778 2430 τι
805 2361 861 2429 καλ
882 2364 965 2430 ἀλλο
989 2366 1185 2449 σώτηρίαςῖ

132 2477 242 2537 αἴτιον
265 2472 356 2536 ἔσται
379 2480 418 2557 τῇ
436 2474 531 2537 πόλει
548 2472 628 2557 τῇδε
646 2469 779 2536 καὶτοῦ
798 2468 961 2555 μηδέποτε
978 2472 1040 2554 την
1060 2469 1150 2536 έλευ-
1164 2491 1191 2531 νο

133 2581 254 2663 θερίαν
284 2573 367 2662 μηδὲ
394 2579 456 2662 την
484 2581 581 2664 ἰσχὺν
608 2577 848 2664 ἀφαιρεθῆναι,
879 2577 1088 2662 ὁμονοοῦσαν
1117 2572 1148 2641 δ’

69 2681 185 2750 144οἀελ
212 2681 269 2748 καὶ
295 2694 355 2772 μιᾷ
383 2686 498 2770 γνώμη
523 2683 599 2764 περὶ
622 2686 757 2750 πάντων
779 2681 953 2771 χρωμένην
976 2685 1150 2766 διατελεῖν,

133 2790 151 2855 ὁ
167 2791 273 2874 δῆμος
286 2792 476 2869 αἰτιώτατος
494 2794 584 2857 ἔσται
603 2792 901 2878 συμπαραληφθεὶς
920 2787 977 2874 ἐπὶΙ
990 2790 1031 2854 τδ
1047 2789 1150 2875 πράγ-

133 2915 232 2980 ματα·
262 2895 318 2961 καὶ
345 2900 382 2964 τὸ
409 2899 454 2982 μη
478 2901 557 2982 μίαν
581 2894 751 2983 εἶναιτὴν
774 2900 969 2964 διοικοῦσαν
991 2897 1031 2960 κά
1053 2895 1150 2962 κοινά

133 3007 304 3070 πολιτείαν
332 3004 475 3090 ἄκρατον
499 3005 601 3088 <μητε
625 3007 829 3090 μοναρχίαν>
857 3001 930 3089 μήτ’
957 3003 1150 3089 ὀλιγαρχίαν
1164 3020 1191 3062 ει

204 3203 221 3251 5
240 3204 296 3251 τῶν
315 3212 370 3252 om.
388 3198 414 3250 A
438 3189 445 3201 ⁸
488 3202 519 3250 12
538 3197 570 3251 τὸ
589 3200 686 3251 λεῖπον
705 3195 728 3249 Β
747 3212 801 3251 om.
820 3197 846 3250 R
865 3199 869 3268 Ι
891 3192 1065 3266 έξέφαινεΟ
1089 3189 1151 3261 ἐξί-

133 3287 219 3336 φαινε
239 3266 363 3336 Sylburg
378 3267 383 3335 Ι
398 3266 447 3321 τὸν
466 3265 549 3337 λόγον
567 3266 643 3321 ABa
717 3273 749 3322 1⁷
771 3269 986 3341 προσλαβοῦσαν
1005 3283 1028 3322 ο.
1046 3265 1150 3320 Reiske

133 3344 166 3394 18
185 3346 234 3408 τῆς
253 3338 318 3393 add.
336 3335 481 3406 Kiessling
505 3341 509 3408 1
534 3335 671 3393 τάναντία
689 3337 867 3408 προσήκοντα
886 3341 910 3393 Α
933 3359 956 3394 τ.
975 3335 993 3406 ἢ
1011 3337 1047 3392 τά
1065 3355 1087 3394 π
1105 3354 1152 3392 οσ-

82 3393 96 3420 s
132 3407 239 3475 ἥκοντα
257 3408 281 3462 Β
299 3410 437 3464 τάναντία
450 3406 468 3477 ἢ
483 3407 618 3479 προσήκει
631 3409 732 3463 Portus
750 3429 774 3463 τ.
789 3406 806 3477 ἢ
821 3418 962 3479 προσῆκεν
981 3409 1070 3464 Cobet
1085 3358 1150 3462 ὅδε.

154 3486 232 3536 ,147
305 3485 340 3535 21
364 3478 432 3550 μήτε
452 3479 474 3534 0
498 3480 569 3549 μηδὲ
588 3479 733 3550 Kiessling
809 3487 842 3534 ‘22
866 3481 971 3536 τούτων
991 3479 1013 3534 0
1036 3476 1151 3533 πάντων

171 3551 257 3621 lburg
328 3557 363 3605 25
382 3549 450 3621 μήτε
469 3553 626 3621 μοναρχίαν
646 3551 710 3604 add.
730 3550 875 3620 Kiessling
