2674 3978
172 243 214 306 10
598 211 856 294 -z-

169 402 271 488 λέμου
295 403 397 490 βάρος
419 404 565 482 ὑποστάς
587 404 642 471 καὶ
666 407 725 472 τὸν
748 405 894 489 ἡγεμόνα
915 416 981 470 τῶν
1005 409 1186 491 Τυρρηνῶν

169 509 358 599 αὐτοχειρίᾳ
384 515 514 590 κτείνας
541 511 651 598 τρέπει
679 514 757 589 τούς
782 514 905 591 ἀλλους
928 514 976 588 είς
998 514 1110 599 φυγὴν
1132 510 1186 578 καὶ

134 619 267 701 3νίκην
291 617 483 704 ἀναιρεῖται
497 630 613 684 πασῶν
637 619 877 704 λαμπροτάτην.
925 617 1188 704 διαπραξάμενος

169 720 207 789 δέ
238 733 341 790 ταῦτα
373 724 428 790 καὶ
459 723 612 809 τιμηθείς
642 725 707 789 ὑπὸ
740 735 807 789 τῶν
836 722 1019 809 Ἀρικηνῶν
1050 730 1189 803 πολλαῖς
1229 723 1241 760 ”

142 832 310 917 εδωρεαῖς
336 830 472 896 ἀπέπλει
500 832 556 896 διδι
583 828 709 916 ταχέων
737 830 836 908 αὐτὸς
864 832 1004 914 άγγελος
1026 843 1095 908 τοῖς
1117 835 1188 906 Κυ-

169 942 278 1022 μαίοις
299 946 357 1022 τῆς
379 926 483 1004 αὐτοῦ
505 941 600 1023 νίκης
621 940 826 1022 βουλόμενος
848 934 1020 1020 γενέσθαι·
1053 939 1186 1004 εἵποντο

169 1041 198 1108 δ’
226 1044 313 1132 αὐτῶ
341 1041 463 1109 πολλαὶ
489 1044 578 1110 πάνυ
605 1055 672 1110 τῶν
693 1042 874 1129 Ἀρικηνῶν
902 1044 1040 1121 ὁλκάδες
1066 1043 1106 1108 τά
1129 1043 1186 1108 λά-

167 1173 258 1235 φυρα
285 1147 341 1214 καὶ
368 1153 446 1227 τούς
473 1152 701 1236 αἰχμαλώτους
727 1161 794 1216 τῶν
825 1154 1007 1237 Τυρρηνῶν
1035 1151 1185 1233 ἀγουσαι.

131 1257 212 1333 4ὡς
236 1252 273 1321 δὲ
295 1259 438 1341 πλησίον
462 1257 616 1340 ἐγένοντο
639 1267 697 1343 τῆς
715 1259 844 1343 Κύμης,
867 1258 1005 1343 ὁρμίσας
1026 1257 1084 1334 τάς
1102 1266 1186 1334 ναῦς

127 1384 153 1424 10
167 1361 342 1446 ἐκκλησίαν
370 1375 430 1430 τοῦ
459 1375 600 1452 στρατοῦ
631 1377 790 1448 ποιεῖται,
817 1363 872 1430 καὶ
899 1365 1006 1430 πολλὰ
1034 1360 1095 1449 μὲν
1117 1375 1185 1430 τῶν

166 1473 417 1552 προεστηκότων
449 1479 506 1554 τῆς
538 1473 664 1546 πόλεως
694 1474 938 1555 κατηγορήσας,
968 1472 1114 1547 πολλοὺς
1146 1467 1184 1535 δέ
1263 1546 1267 1554 Ι

166 1586 233 1640 τῶν
256 1574 586 1661 ἀνδραγαθησάντων
609 1578 691 1643 κατά
714 1579 775 1662 την
797 1577 905 1664 μάχην
924 1576 1080 1653 ἐπαίνους
1097 1578 1184 1642 διελ-

165 1681 240 1746 θὼν
267 1680 429 1769 ἀργύριόν
456 1705 491 1748 τε
520 1684 657 1761 διαδοὺς
685 1685 797 1761 αὐτοῖς
821 1680 891 1748 κατ’
918 1684 1026 1769 ἀνδρα
1048 1681 1104 1749 καὶ
1126 1684 1184 1760 τάς

165 1789 254 1874 παρά
277 1800 344 1854 τῶν
359 1782 542 1877 Ἀρικηνῶν
564 1785 690 1876 δωρεὰς
708 1792 756 1867 είς
773 1792 890 1856 κοινὸν
908 1791 1010 1856 ἀπασι
1028 1787 1185 1868 καταθεὶς

128 1914 153 1956 ω
166 1893 261 1977 ἠξίου
289 1903 479 1981 μεμνῆσθαι
507 1907 574 1962 τῶν
602 1897 817 1984 εὐεργεσιῶν,
845 1894 887 1962 ἀν
912 1898 1184 1963 καταπλεύσωσιν

165 2003 213 2077 είς
234 2003 297 2086 την
318 2004 473 2089 πατρίδα,
495 1999 552 2068 καὶ
577 2005 619 2068 ἀν
632 2026 691 2099 ,τις
714 2003 802 2090 αὐτῷ
826 2024 905 2069 ποτε
929 2006 1095 2088 συμβαίνη
1117 2006 1184 2068 κίν-

166 2107 268 2185 δυνος
296 2107 331 2174 ἐκ
359 2117 416 2193 τῆς
439 2109 630 2197 ὀλιγαρχίας
654 2110 698 2187 ὡς
721 2111 862 2195 δύναμις
885 2107 1010 2197 ἑκάστῳ
1026 2113 1183 2193 Ιβοηθεῖν.
1331 2195 1332 2198 ¹

128 2213 320 2284 5άπάντων
344 2213 382 2281 δέ
403 2217 529 2294 πολλάς
552 2217 808 2301 ὁμολογούντων
831 2215 920 2303 αὐτῷ
942 2217 1076 2301 χάριτας
1099 2214 1254 2286 είδέ-ιενσ
1324 2287 1332 2298 ,,

125 2308 133 2323 ’
163 2343 219 2383 ναι
242 2331 300 2405 της
322 2320 350 2387 τ’
375 2322 573 2389 ἀνελπίστου
597 2327 772 2411 σωτηρίας,
794 2323 837 2406 ἣν
859 2320 903 2387 δι’
926 2321 1054 2388 ἐκείνου
1073 2325 1181 2408 ἔσχον,

125 2450 150 2489 νο
164 2423 219 2489 καὶ
245 2435 303 2509 τῆς
331 2425 385 2518 ἐπὶ
412 2430 452 2493 τὰ
479 2431 584 2494 οίκεϊα
607 2429 648 2495 οὐ
672 2432 735 2494 σύν
758 2439 869 2506 κεναῖς
891 2427 1006 2515 χερσὶν
1029 2427 1181 2513 ἀφίξεως,

163 2529 219 2596 καὶ
246 2533 304 2609 τάς
331 2531 459 2599 ἑαυτῶν
481 2536 588 2620 ψυχάς
611 2542 736 2601 θάττον
760 2535 780 2619 ἢ
804 2537 865 2620 τὴν
889 2535 1019 2602 ἐκείνου
1040 2537 1181 2621 προήσε-

165 2644 245 2703 σθαι
272 2651 341 2716 τοῖς
369 2639 503 2725 ε’χθροίς
532 2639 836 2726 ἐπαγγειλαμένων,
864 2639 1038 2719 ἐπαινέσας
1060 2640 1181 2718 αὐτοὺς

164 2743 308 2811 ἀπέλυσε
329 2749 390 2832 την
414 2747 598 2832 ἐκκλησίαν.
635 2746 691 2812 καὶ
710 2749 790 2832 μετὰ
809 2759 908 2814 τοῦτο
925 2753 1036 2813 καλῶν
1054 2751 1102 2826 είς
1119 2750 1180 2833 τὴν

163 2851 267 2918 αὑτοῦ
295 2855 422 2937 σκηνὴν
449 2855 800 2942 τούςπονηροτάτους
820 2843 860 2934 Υἐξ
888 2856 998 2921 αὐτῶν
1020 2853 1076 2921 καὶ
1098 2857 1181 2922 κατδι

124 2980 150 3021 νε
163 2969 256 3043 χεῖρα
284 2960 538 3042 γενναιοτάτους
566 2962 701 3049 δωρεῶν
728 2985 762 3026 τε
791 2963 884 3028 δόσει
911 2959 964 3027 καὶ
993 2965 1103 3045 λόγων
1126 2987 1180 3047 φι-

164 3069 363 3153 λανθρωπίᾳ
390 3065 446 3132 καὶ
468 3079 540 3146 ταῖς
562 3069 708 3146 ἅπαντας
732 3067 953 3147 ἐξαπατώσαις
976 3068 1085 3135 ἐλπίσι
1108 3071 1180 3133 δια-

234 3296 250 3344 ὄ
270 3291 438 3362 αὐτάγγελος
456 3310 479 3348 ο.
499 3293 588 3350 001)σύ
606 3295 671 3351 obs.
691 3314 718 3366 p.
739 3300 790 3350 135
846 3302 861 3350 6
881 3298 966 3351 αὐτοῦ
985 3296 1038 3349 ΑΒ
1094 3296 1178 3350 ’ίαύ-

162 3364 258 3418 τω.Β
300 3368 325 3416 .9
345 3363 548 3438 δρμ<ί>σαςΒ
601 3372 634 3420 14
652 3367 758 3422 πᾶσιΟ
778 3384 848 3423 corr.
862 3367 1005 3436 Kiessling
1021 3369 1025 3436 Ι
1041 3367 1179 3429 καταθεὶς

162 3433 323 3503 Βπροθεὶς
336 3434 362 3488 Β,
406 3442 439 3490 22
460 3431 704 3508 ἐπαγγελλομένων
720 3438 742 3493 Ο
757 3439 905 3507 ΡτῶεύετΒ
951 3444 986 3492 24
1004 3439 1091 3493 αὐτοῦ
1105 3437 1175 3511 ΑΒ)

162 3505 382 3576 τολμηροτάτους
400 3523 423 3562 ο.
444 3507 516 3562 smit
536 3507 600 3562 obs.
619 3526 646 3578 p.
666 3515 700 3564 33
