<?xml version="1.0" encoding="UTF-8"?>
<!DOCTYPE html PUBLIC "-//W3C//DTD XHTML 1.0 Transitional//EN"
    "http://www.w3.org/TR/xhtml1/DTD/xhtml1-transitional.dtd">
<html xmlns="http://www.w3.org/1999/xhtml" xml:lang="en" lang="en">
 <head>
  <title>
</title>
<meta http-equiv="Content-Type" content="text/html;charset=utf-8" />
  <meta name='ocr-system' content='tesseract 3.04.00' />
  <meta name='ocr-capabilities' content='ocr_page ocr_carea ocr_par ocr_line ocrx_word'/>
</head>
<body>
  <div class='ocr_page' id='page_1' title='image "./dionysihalicarn00unkngoog/dionysihalicarn00unkngoog_0130.png"; bbox 0 0 2660 3976; ppageno 0'>
   <div class='ocr_carea' id='block_1_1' title="bbox 596 260 795 308">
    <p class='ocr_par' dir='ltr' id='par_1_1' title="bbox 596 260 795 308">
     <span class='ocr_line' id='line_1_1' title="bbox 596 260 795 308; baseline 0 -12"><span class='ocrx_word' id='word_1_1' title='bbox 596 260 795 308; x_wconf 59' lang='lat' dir='ltr'>..z--</span> 
     </span>
    </p>
   </div>
   <div class='ocr_carea' id='block_1_2' title="bbox 116 415 1267 3170">
    <p class='ocr_par' dir='ltr' id='par_1_2' title="bbox 116 415 1267 3170">
     <span class='ocr_line' id='line_1_2' title="bbox 170 415 1190 504; baseline -0.001 -20"><span class='ocrx_word' id='word_1_2' title='bbox 170 425 262 484; x_wconf 88' lang='grc' dir='ltr'><em>θεῶν</em></span> <span class='ocrx_word' id='word_1_3' title='bbox 286 421 411 497; x_wconf 77' lang='grc' dir='ltr'><strong><em>εἰκόνες</em></strong></span> <span class='ocrx_word' id='word_1_4' title='bbox 429 418 617 503; x_wconf 78' lang='grc' dir='ltr'><em>ἐπόμπευον</em></span> <span class='ocrx_word' id='word_1_5' title='bbox 636 420 738 502; x_wconf 81' lang='grc' dir='ltr'><em>ῶμοις</em></span> <span class='ocrx_word' id='word_1_6' title='bbox 760 415 816 483; x_wconf 85' lang='grc' dir='ltr'><em>ὑπ’</em></span> <span class='ocrx_word' id='word_1_7' title='bbox 838 417 973 504; x_wconf 79' lang='grc' dir='ltr'><em>ἀνδρῶν</em></span> <span class='ocrx_word' id='word_1_8' title='bbox 993 422 1190 504; x_wconf 81' lang='grc' dir='ltr'><em>φερόμεναι,</em></span> 
     </span>
     <span class='ocr_line' id='line_1_3' title="bbox 154 499 1189 612; baseline -0.001 -21"><span class='ocrx_word' id='word_1_9' title='bbox 154 499 301 611; x_wconf 69' lang='grc' dir='ltr'><em>νμορφάς</em></span> <span class='ocrx_word' id='word_1_10' title='bbox 322 525 359 591; x_wconf 88' lang='grc' dir='ltr'><em>θ’</em></span> <span class='ocrx_word' id='word_1_11' title='bbox 381 528 498 611; x_wconf 77' lang='grc' dir='ltr'><em>ὁμοίας</em></span> <span class='ocrx_word' id='word_1_12' title='bbox 516 523 718 612; x_wconf 80' lang='grc' dir='ltr'><strong><em>παρέχουσαι</em></strong></span> <span class='ocrx_word' id='word_1_13' title='bbox 741 537 812 602; x_wconf 88' lang='grc' dir='ltr'><em>ταῖς</em></span> <span class='ocrx_word' id='word_1_14' title='bbox 834 523 912 607; x_wconf 82' lang='grc' dir='ltr'><em>παρ’</em></span> <span class='ocrx_word' id='word_1_15' title='bbox 929 523 1068 609; x_wconf 88' lang='grc' dir='ltr'><em>Ἕλλησι</em></span> <span class='ocrx_word' id='word_1_16' title='bbox 1086 531 1189 591; x_wconf 86' lang='grc' dir='ltr'><em>πλατ-</em></span> 
     </span>
     <span class='ocr_line' id='line_1_4' title="bbox 170 627 1190 717; baseline 0 -20"><span class='ocrx_word' id='word_1_17' title='bbox 170 630 322 716; x_wconf 89' lang='grc' dir='ltr'><em>τομέναις</em></span> <span class='ocrx_word' id='word_1_18' title='bbox 344 631 400 698; x_wconf 89' lang='grc' dir='ltr'><em>καί</em></span> <span class='ocrx_word' id='word_1_19' title='bbox 422 634 542 716; x_wconf 84' lang='grc' dir='ltr'><em>σκευὰς</em></span> <span class='ocrx_word' id='word_1_20' title='bbox 564 630 619 697; x_wconf 89' lang='grc' dir='ltr'><em>καί</em></span> <span class='ocrx_word' id='word_1_21' title='bbox 643 633 793 717; x_wconf 78' lang='grc' dir='ltr'><em>σύμβολα</em></span> <span class='ocrx_word' id='word_1_22' title='bbox 816 630 870 697; x_wconf 88' lang='grc' dir='ltr'><em>καί</em></span> <span class='ocrx_word' id='word_1_23' title='bbox 895 633 1032 716; x_wconf 80' lang='grc' dir='ltr'><em>δωρεάς,</em></span> <span class='ocrx_word' id='word_1_24' title='bbox 1062 627 1110 698; x_wconf 83' lang='grc' dir='ltr'><em>ὧν</em></span> <span class='ocrx_word' id='word_1_25' title='bbox 1133 632 1190 697; x_wconf 83' lang='grc' dir='ltr'><em>εῦ-</em></span> 
     </span>
     <span class='ocr_line' id='line_1_5' title="bbox 170 734 1190 824; baseline -0.001 -20"><span class='ocrx_word' id='word_1_26' title='bbox 170 737 260 824; x_wconf 85' lang='grc' dir='ltr'><em>ρεταί</em></span> <span class='ocrx_word' id='word_1_27' title='bbox 279 737 334 804; x_wconf 90' lang='grc' dir='ltr'><em>καί</em></span> <span class='ocrx_word' id='word_1_28' title='bbox 353 741 490 822; x_wconf 80' lang='grc' dir='ltr'><em>ῦοτήρες</em></span> <span class='ocrx_word' id='word_1_29' title='bbox 509 737 702 822; x_wconf 79' lang='grc' dir='ltr'><em>ἀνθρώποις</em></span> <span class='ocrx_word' id='word_1_30' title='bbox 721 734 852 803; x_wconf 85' lang='grc' dir='ltr'><em>έκαστοι</em></span> <span class='ocrx_word' id='word_1_31' title='bbox 869 739 1123 822; x_wconf 77' lang='grc' dir='ltr'><em>παραδίδονται,</em></span> <span class='ocrx_word' id='word_1_32' title='bbox 1145 739 1190 803; x_wconf 89' lang='grc' dir='ltr'><em>οὐ</em></span> 
     </span>
     <span class='ocr_line' id='line_1_6' title="bbox 142 840 1191 930; baseline 0.001 -22"><span class='ocrx_word' id='word_1_33' title='bbox 142 845 379 930; x_wconf 83' lang='grc' dir='ltr'><em>εμόνον’Διὸς</em></span> <span class='ocrx_word' id='word_1_34' title='bbox 397 842 453 909; x_wconf 90' lang='grc' dir='ltr'><em>καί</em></span> <span class='ocrx_word' id='word_1_35' title='bbox 466 842 574 928; x_wconf 87' lang='grc' dir='ltr'><em>Ἥρας</em></span> <span class='ocrx_word' id='word_1_36' title='bbox 592 842 647 909; x_wconf 90' lang='grc' dir='ltr'><em>καί</em></span> <span class='ocrx_word' id='word_1_37' title='bbox 662 840 805 928; x_wconf 83' lang='grc' dir='ltr'><em>Ἀθηνᾶς</em></span> <span class='ocrx_word' id='word_1_38' title='bbox 824 842 881 909; x_wconf 90' lang='grc' dir='ltr'><em>καί</em></span> <span class='ocrx_word' id='word_1_39' title='bbox 899 848 1114 928; x_wconf 75' lang='grc' dir='ltr'><em>Ποσειδῶνος</em></span> <span class='ocrx_word' id='word_1_40' title='bbox 1131 843 1191 909; x_wconf 85' lang='grc' dir='ltr'><em>καί</em></span> 
     </span>
     <span class='ocr_line' id='line_1_7' title="bbox 168 937 1189 1034; baseline -0.001 -17"><span class='ocrx_word' id='word_1_41' title='bbox 168 964 235 1017; x_wconf 90' lang='grc' dir='ltr'><em>τῶν</em></span> <span class='ocrx_word' id='word_1_42' title='bbox 259 953 387 1034; x_wconf 85' lang='grc' dir='ltr'><em>άλλων,</em></span> <span class='ocrx_word' id='word_1_43' title='bbox 415 950 474 1027; x_wconf 83' lang='grc' dir='ltr'><em>οὓς</em></span> <span class='ocrx_word' id='word_1_44' title='bbox 491 937 650 1034; x_wconf 83' lang='grc' dir='ltr'><em>Ἕλληνες</em></span> <span class='ocrx_word' id='word_1_45' title='bbox 674 950 711 1015; x_wconf 83' lang='grc' dir='ltr'><em>ἐν</em></span> <span class='ocrx_word' id='word_1_46' title='bbox 733 962 802 1027; x_wconf 84' lang='grc' dir='ltr'><em>τοῖς</em></span> <span class='ocrx_word' id='word_1_47' title='bbox 820 951 950 1016; x_wconf 76' lang='grc' dir='ltr'><em>δώδεκα</em></span> <span class='ocrx_word' id='word_1_48' title='bbox 972 958 1067 1028; x_wconf 96' lang='grc' dir='ltr'><em>θεοῖς</em></span> <span class='ocrx_word' id='word_1_49' title='bbox 1089 975 1189 1017; x_wconf 88' lang='grc' dir='ltr'><em>κατα-</em></span> 
     </span>
     <span class='ocr_line' id='line_1_8' title="bbox 169 1052 1267 1143; baseline 0.005 -21"><span class='ocrx_word' id='word_1_50' title='bbox 169 1065 368 1142; x_wconf 85' lang='grc' dir='ltr'><em>ριθμοῦσιν,</em></span> <span class='ocrx_word' id='word_1_51' title='bbox 400 1056 483 1123; x_wconf 81' lang='grc' dir='ltr'><em>ἀλλά</em></span> <span class='ocrx_word' id='word_1_52' title='bbox 516 1055 573 1122; x_wconf 88' lang='grc' dir='ltr'><em>καί</em></span> <span class='ocrx_word' id='word_1_53' title='bbox 601 1068 668 1123; x_wconf 90' lang='grc' dir='ltr'><em>τῶν</em></span> <span class='ocrx_word' id='word_1_54' title='bbox 694 1055 979 1143; x_wconf 78' lang='grc' dir='ltr'><em>προγενεστέρων,</em></span> <span class='ocrx_word' id='word_1_55' title='bbox 1010 1057 1042 1136; x_wconf 82' lang='grc' dir='ltr'><em>ἐξ</em></span> <span class='ocrx_word' id='word_1_56' title='bbox 1077 1052 1124 1123; x_wconf 85' lang='grc' dir='ltr'><em>ὧν</em></span> <span class='ocrx_word' id='word_1_57' title='bbox 1153 1059 1267 1128; x_wconf 81' lang='grc' dir='ltr'><em>οἰ1494</em></span> 
     </span>
     <span class='ocr_line' id='line_1_9' title="bbox 169 1162 1188 1251; baseline 0.001 -23"><span class='ocrx_word' id='word_1_58' title='bbox 169 1165 299 1230; x_wconf 73' lang='grc' dir='ltr'><em>δώδεκα</em></span> <span class='ocrx_word' id='word_1_59' title='bbox 334 1163 409 1231; x_wconf 83' lang='grc' dir='ltr'><em>θεοὶ</em></span> <span class='ocrx_word' id='word_1_60' title='bbox 440 1170 711 1250; x_wconf 79' lang='grc' dir='ltr'><em>μυθολογοῦνται</em></span> <span class='ocrx_word' id='word_1_61' title='bbox 744 1163 921 1248; x_wconf 86' lang='grc' dir='ltr'><em>γενέσθαι,</em></span> <span class='ocrx_word' id='word_1_62' title='bbox 956 1167 1092 1251; x_wconf 86' lang='grc' dir='ltr'><em>Κρόνου</em></span> <span class='ocrx_word' id='word_1_63' title='bbox 1129 1162 1188 1230; x_wconf 82' lang='grc' dir='ltr'><em>καὶ</em></span> 
     </span>
     <span class='ocr_line' id='line_1_10' title="bbox 163 1269 1188 1357; baseline 0 -21"><span class='ocrx_word' id='word_1_64' title='bbox 163 1269 253 1348; x_wconf 88' lang='grc' dir='ltr'><em>Ῥέας</em></span> <span class='ocrx_word' id='word_1_65' title='bbox 275 1269 330 1336; x_wconf 90' lang='grc' dir='ltr'><em>καί</em></span> <span class='ocrx_word' id='word_1_66' title='bbox 350 1269 493 1355; x_wconf 76' lang='grc' dir='ltr'><em>Θέμιδος</em></span> <span class='ocrx_word' id='word_1_67' title='bbox 510 1269 566 1336; x_wconf 89' lang='grc' dir='ltr'><em>καί</em></span> <span class='ocrx_word' id='word_1_68' title='bbox 584 1275 717 1355; x_wconf 88' lang='grc' dir='ltr'><em>Λητοῦς</em></span> <span class='ocrx_word' id='word_1_69' title='bbox 734 1269 789 1336; x_wconf 88' lang='grc' dir='ltr'><em>καί</em></span> <span class='ocrx_word' id='word_1_70' title='bbox 807 1274 950 1357; x_wconf 83' lang='grc' dir='ltr'><em>Μοιρῶν</em></span> <span class='ocrx_word' id='word_1_71' title='bbox 968 1269 1024 1336; x_wconf 89' lang='grc' dir='ltr'><em>καί</em></span> <span class='ocrx_word' id='word_1_72' title='bbox 1041 1275 1188 1355; x_wconf 88' lang='grc' dir='ltr'><em>Μνημο-</em></span> 
     </span>
     <span class='ocr_line' id='line_1_11' title="bbox 129 1375 1187 1462; baseline 0.005 -25"><span class='ocrx_word' id='word_1_73' title='bbox 129 1399 155 1438; x_wconf 77' lang='grc' dir='ltr'><em>ιο</em></span> <span class='ocrx_word' id='word_1_74' title='bbox 170 1379 273 1462; x_wconf 86' lang='grc' dir='ltr'><em>σύνης</em></span> <span class='ocrx_word' id='word_1_75' title='bbox 295 1375 350 1443; x_wconf 88' lang='grc' dir='ltr'><em>καί</em></span> <span class='ocrx_word' id='word_1_76' title='bbox 373 1389 440 1443; x_wconf 87' lang='grc' dir='ltr'><em>τῶν</em></span> <span class='ocrx_word' id='word_1_77' title='bbox 463 1379 574 1442; x_wconf 78' lang='grc' dir='ltr'><em>ἄλλων</em></span> <span class='ocrx_word' id='word_1_78' title='bbox 598 1376 769 1460; x_wconf 83' lang='grc' dir='ltr'><em>ἁπάντων,</em></span> <span class='ocrx_word' id='word_1_79' title='bbox 800 1377 889 1442; x_wconf 86' lang='grc' dir='ltr'><em>ὅσων</em></span> <span class='ocrx_word' id='word_1_80' title='bbox 917 1375 1006 1442; x_wconf 82' lang='grc' dir='ltr'><em>ἐστὶν</em></span> <span class='ocrx_word' id='word_1_81' title='bbox 1035 1377 1107 1460; x_wconf 80' lang='grc' dir='ltr'><em>ἱερά</em></span> <span class='ocrx_word' id='word_1_82' title='bbox 1130 1376 1187 1442; x_wconf 84' lang='grc' dir='ltr'><em>καὶ</em></span> 
     </span>
     <span class='ocr_line' id='line_1_12' title="bbox 168 1479 1187 1570; baseline -0.002 -20"><span class='ocrx_word' id='word_1_83' title='bbox 168 1483 286 1569; x_wconf 89' lang='grc' dir='ltr'><em>τεμένη</em></span> <span class='ocrx_word' id='word_1_84' title='bbox 313 1481 389 1570; x_wconf 91' lang='grc' dir='ltr'><em>παρ’</em></span> <span class='ocrx_word' id='word_1_85' title='bbox 412 1483 562 1566; x_wconf 87' lang='grc' dir='ltr'><em>Ἕλλησι·</em></span> <span class='ocrx_word' id='word_1_86' title='bbox 595 1481 650 1549; x_wconf 89' lang='grc' dir='ltr'><em>καί</em></span> <span class='ocrx_word' id='word_1_87' title='bbox 677 1495 744 1550; x_wconf 89' lang='grc' dir='ltr'><em>τῶν</em></span> <span class='ocrx_word' id='word_1_88' title='bbox 772 1483 930 1569; x_wconf 80' lang='grc' dir='ltr'><em>ὕστερον,</em></span> <span class='ocrx_word' id='word_1_89' title='bbox 962 1481 1020 1569; x_wconf 83' lang='grc' dir='ltr'><em>ἀφ’</em></span> <span class='ocrx_word' id='word_1_90' title='bbox 1052 1479 1093 1550; x_wconf 92' lang='grc' dir='ltr'><em>οὗ</em></span> <span class='ocrx_word' id='word_1_91' title='bbox 1124 1486 1187 1568; x_wconf 80' lang='grc' dir='ltr'><em>τήν</em></span> 
     </span>
     <span class='ocr_line' id='line_1_13' title="bbox 169 1589 1187 1677; baseline 0 -21"><span class='ocrx_word' id='word_1_92' title='bbox 169 1591 274 1677; x_wconf 84' lang='grc' dir='ltr'><em>άρχήν</em></span> <span class='ocrx_word' id='word_1_93' title='bbox 290 1592 374 1666; x_wconf 87' lang='grc' dir='ltr'><em>Ζεὺς</em></span> <span class='ocrx_word' id='word_1_94' title='bbox 391 1589 567 1674; x_wconf 88' lang='grc' dir='ltr'><em>παρέλαβε,</em></span> <span class='ocrx_word' id='word_1_95' title='bbox 585 1590 893 1674; x_wconf 88' lang='grc' dir='ltr'><em>μυθολογουμένων</em></span> <span class='ocrx_word' id='word_1_96' title='bbox 907 1590 1078 1675; x_wconf 84' lang='grc' dir='ltr'><em>γενέσθαι,</em></span> <span class='ocrx_word' id='word_1_97' title='bbox 1096 1595 1187 1673; x_wconf 87' lang='grc' dir='ltr'><em>Περ-</em></span> 
     </span>
     <span class='ocr_line' id='line_1_14' title="bbox 170 1695 1186 1784; baseline -0.002 -20"><span class='ocrx_word' id='word_1_98' title='bbox 170 1701 315 1783; x_wconf 85' lang='grc' dir='ltr'><em>σεφόνης</em></span> <span class='ocrx_word' id='word_1_99' title='bbox 337 1700 533 1774; x_wconf 71' lang='grc' dir='ltr'><em>Εἰλειθυίας</em></span> <span class='ocrx_word' id='word_1_100' title='bbox 557 1702 711 1783; x_wconf 82' lang='grc' dir='ltr'><em>Νυμφῶν</em></span> <span class='ocrx_word' id='word_1_101' title='bbox 732 1701 884 1762; x_wconf 83' lang='grc' dir='ltr'><em>Μουσῶν</em></span> <span class='ocrx_word' id='word_1_102' title='bbox 902 1695 1010 1783; x_wconf 82' lang='grc' dir='ltr'><em>Ὡρῶν</em></span> <span class='ocrx_word' id='word_1_103' title='bbox 1030 1701 1186 1784; x_wconf 82' lang='grc' dir='ltr'><em>Χαρίτων</em></span> 
     </span>
     <span class='ocr_line' id='line_1_15' title="bbox 170 1802 1186 1890; baseline -0.002 -20"><span class='ocrx_word' id='word_1_104' title='bbox 170 1806 359 1890; x_wconf 88' lang='grc' dir='ltr'><em>Διονύσον,</em></span> <span class='ocrx_word' id='word_1_105' title='bbox 384 1803 439 1870; x_wconf 86' lang='grc' dir='ltr'><em>καὶ</em></span> <span class='ocrx_word' id='word_1_106' title='bbox 463 1805 552 1869; x_wconf 82' lang='grc' dir='ltr'><em>ὅσων</em></span> <span class='ocrx_word' id='word_1_107' title='bbox 575 1803 725 1889; x_wconf 82' lang='grc' dir='ltr'><em>ἡμιθέων</em></span> <span class='ocrx_word' id='word_1_108' title='bbox 748 1803 938 1889; x_wconf 88' lang='grc' dir='ltr'><em>γενομένων</em></span> <span class='ocrx_word' id='word_1_109' title='bbox 961 1805 999 1868; x_wconf 91' lang='grc' dir='ltr'><em>αἰ</em></span> <span class='ocrx_word' id='word_1_110' title='bbox 1018 1802 1121 1888; x_wconf 80' lang='grc' dir='ltr'><em>ψυχαὶ</em></span> <span class='ocrx_word' id='word_1_111' title='bbox 1144 1806 1186 1870; x_wconf 82' lang='grc' dir='ltr'><em>τά</em></span> 
     </span>
     <span class='ocr_line' id='line_1_16' title="bbox 128 1909 1185 1996; baseline 0.005 -26"><span class='ocrx_word' id='word_1_112' title='bbox 128 1929 153 1970; x_wconf 81' lang='lat'><em>15</em></span> <span class='ocrx_word' id='word_1_113' title='bbox 166 1913 276 1996; x_wconf 84' lang='grc' dir='ltr'><em>θνητά</em></span> <span class='ocrx_word' id='word_1_114' title='bbox 304 1911 524 1977; x_wconf 74' lang='grc' dir='ltr'><em>ἀπολιποῦσαι</em></span> <span class='ocrx_word' id='word_1_115' title='bbox 550 1913 683 1996; x_wconf 84' lang='grc' dir='ltr'><em>σώματα</em></span> <span class='ocrx_word' id='word_1_116' title='bbox 707 1913 752 1988; x_wconf 88' lang='grc' dir='ltr'><em>εἰς</em></span> <span class='ocrx_word' id='word_1_117' title='bbox 780 1911 926 1996; x_wconf 89' lang='grc' dir='ltr'><em>οὐρανὸν</em></span> <span class='ocrx_word' id='word_1_118' title='bbox 950 1910 1108 1976; x_wconf 80' lang='grc' dir='ltr'><em>ἀνελθεῖν</em></span> <span class='ocrx_word' id='word_1_119' title='bbox 1131 1909 1185 1976; x_wconf 86' lang='grc' dir='ltr'><em>λε’-</em></span> 
     </span>
     <span class='ocr_line' id='line_1_17' title="bbox 166 2015 1185 2104; baseline -0.002 -20"><span class='ocrx_word' id='word_1_120' title='bbox 166 2042 300 2102; x_wconf 94' lang='grc' dir='ltr'><em>γονται,</em></span> <span class='ocrx_word' id='word_1_121' title='bbox 334 2015 388 2084; x_wconf 83' lang='grc' dir='ltr'><em>καὶ</em></span> <span class='ocrx_word' id='word_1_122' title='bbox 420 2018 516 2102; x_wconf 82' lang='grc' dir='ltr'><em>τιμάς</em></span> <span class='ocrx_word' id='word_1_123' title='bbox 551 2023 664 2104; x_wconf 81' lang='grc' dir='ltr'><em>λαχεῖν</em></span> <span class='ocrx_word' id='word_1_124' title='bbox 694 2018 810 2103; x_wconf 83' lang='grc' dir='ltr'><em>ὁμοίας</em></span> <span class='ocrx_word' id='word_1_125' title='bbox 838 2025 950 2100; x_wconf 87' lang='grc' dir='ltr'><em>θεοῖς,</em></span> <span class='ocrx_word' id='word_1_126' title='bbox 978 2015 1185 2103; x_wconf 79' lang='grc' dir='ltr'><em>Ἡρακλέους</em></span> 
     </span>
     <span class='ocr_line' id='line_1_18' title="bbox 163 2120 1184 2209; baseline 0.002 -21"><span class='ocrx_word' id='word_1_127' title='bbox 163 2120 362 2209; x_wconf 80' lang='grc' dir='ltr'><em>Ἀσκληπιοῦ</em></span> <span class='ocrx_word' id='word_1_128' title='bbox 376 2126 598 2208; x_wconf 83' lang='grc' dir='ltr'><em>Διοσκούρων</em></span> <span class='ocrx_word' id='word_1_129' title='bbox 612 2127 763 2208; x_wconf 80' lang='grc' dir='ltr'><em>Σελήνης</em></span> <span class='ocrx_word' id='word_1_130' title='bbox 780 2127 895 2201; x_wconf 90' lang='grc' dir='ltr'><em>Πανὸς</em></span> <span class='ocrx_word' id='word_1_131' title='bbox 912 2125 1024 2190; x_wconf 87' lang='grc' dir='ltr'><em>άλλων</em></span> <span class='ocrx_word' id='word_1_132' title='bbox 1043 2128 1184 2208; x_wconf 89' lang='grc' dir='ltr'><em>μυρίων.</em></span> 
     </span>
     <span class='ocr_line' id='line_1_19' title="bbox 116 2225 1186 2317; baseline -0.002 -19"><span class='ocrx_word' id='word_1_133' title='bbox 116 2233 156 2298; x_wconf 90' lang='grc'><em>14</em></span> <span class='ocrx_word' id='word_1_134' title='bbox 166 2233 274 2296; x_wconf 88' lang='grc' dir='ltr'><em>καίτοι</em></span> <span class='ocrx_word' id='word_1_135' title='bbox 298 2233 329 2296; x_wconf 88' lang='grc' dir='ltr'><em>εἰ</em></span> <span class='ocrx_word' id='word_1_136' title='bbox 349 2231 513 2317; x_wconf 91' lang='grc' dir='ltr'><em>βάρβαροι</em></span> <span class='ocrx_word' id='word_1_137' title='bbox 536 2225 621 2314; x_wconf 86' lang='grc' dir='ltr'><em>ήσαν</em></span> <span class='ocrx_word' id='word_1_138' title='bbox 641 2233 676 2296; x_wconf 90' lang='grc' dir='ltr'><em>οἰ</em></span> <span class='ocrx_word' id='word_1_139' title='bbox 695 2231 756 2314; x_wconf 87' lang='grc' dir='ltr'><em>τήν</em></span> <span class='ocrx_word' id='word_1_140' title='bbox 774 2228 902 2315; x_wconf 82' lang='grc' dir='ltr'><em>Ῥώμην</em></span> <span class='ocrx_word' id='word_1_141' title='bbox 922 2233 1106 2308; x_wconf 76' lang='grc' dir='ltr'><em>οἰκίσαντες</em></span> <span class='ocrx_word' id='word_1_142' title='bbox 1128 2229 1186 2297; x_wconf 84' lang='grc' dir='ltr'><em>καὶ</em></span> 
     </span>
     <span class='ocr_line' id='line_1_20' title="bbox 166 2335 1185 2423; baseline 0.001 -21"><span class='ocrx_word' id='word_1_143' title='bbox 166 2338 228 2421; x_wconf 83' lang='grc' dir='ltr'><em>τήν</em></span> <span class='ocrx_word' id='word_1_144' title='bbox 255 2335 374 2422; x_wconf 84' lang='grc' dir='ltr'><em>ἑορτήν</em></span> <span class='ocrx_word' id='word_1_145' title='bbox 400 2339 526 2422; x_wconf 88' lang='grc' dir='ltr'><em>ταύτην</em></span> <span class='ocrx_word' id='word_1_146' title='bbox 554 2337 852 2422; x_wconf 91' lang='grc' dir='ltr'><em>καταστησάμενοι,</em></span> <span class='ocrx_word' id='word_1_147' title='bbox 880 2341 915 2402; x_wconf 91' lang='grc' dir='ltr'><em>τί</em></span> <span class='ocrx_word' id='word_1_148' title='bbox 935 2345 1102 2423; x_wconf 85' lang='grc' dir='ltr'><em>προσήκεν</em></span> <span class='ocrx_word' id='word_1_149' title='bbox 1125 2337 1185 2403; x_wconf 83' lang='grc' dir='ltr'><em>αὐ-</em></span> 
     </span>
     <span class='ocr_line' id='line_1_21' title="bbox 126 2441 1183 2528; baseline 0.005 -25"><span class='ocrx_word' id='word_1_150' title='bbox 126 2465 152 2503; x_wconf 79' lang='grc' dir='ltr'><em>εο</em></span> <span class='ocrx_word' id='word_1_151' title='bbox 166 2453 235 2520; x_wconf 87' lang='grc' dir='ltr'><em>τοῖς</em></span> <span class='ocrx_word' id='word_1_152' title='bbox 264 2447 341 2520; x_wconf 87' lang='grc' dir='ltr'><em>τοῦς</em></span> <span class='ocrx_word' id='word_1_153' title='bbox 373 2441 435 2528; x_wconf 74' lang='grc' dir='ltr'><em>μὲν</em></span> <span class='ocrx_word' id='word_1_154' title='bbox 457 2442 672 2528; x_wconf 86' lang='grc' dir='ltr'><em>Ἑλληνικοὺς</em></span> <span class='ocrx_word' id='word_1_155' title='bbox 700 2445 847 2520; x_wconf 75' lang='grc' dir='ltr'><em>ἅπαντας</em></span> <span class='ocrx_word' id='word_1_156' title='bbox 877 2442 987 2528; x_wconf 81' lang='grc' dir='ltr'><em>σέβειν</em></span> <span class='ocrx_word' id='word_1_157' title='bbox 1016 2445 1120 2520; x_wconf 83' lang='grc' dir='ltr'><em>θεούς</em></span> <span class='ocrx_word' id='word_1_158' title='bbox 1148 2467 1183 2508; x_wconf 88' lang='grc' dir='ltr'><em>τε</em></span> 
     </span>
     <span class='ocr_line' id='line_1_22' title="bbox 165 2547 1183 2637; baseline -0.002 -21"><span class='ocrx_word' id='word_1_159' title='bbox 165 2547 221 2616; x_wconf 87' lang='grc' dir='ltr'><em>καί</em></span> <span class='ocrx_word' id='word_1_160' title='bbox 250 2550 424 2635; x_wconf 77' lang='grc' dir='ltr'><em>δαίμονας,</em></span> <span class='ocrx_word' id='word_1_161' title='bbox 451 2562 519 2616; x_wconf 86' lang='grc' dir='ltr'><em>τῶν</em></span> <span class='ocrx_word' id='word_1_162' title='bbox 547 2548 584 2616; x_wconf 73' lang='grc' dir='ltr'><em>δὲ</em></span> <span class='ocrx_word' id='word_1_163' title='bbox 611 2549 758 2636; x_wconf 73' lang='grc' dir='ltr'><em>πατρίων</em></span> <span class='ocrx_word' id='word_1_164' title='bbox 786 2551 970 2637; x_wconf 83' lang='grc' dir='ltr'><em>ὑπερορῶν;</em></span> <span class='ocrx_word' id='word_1_165' title='bbox 999 2549 1019 2633; x_wconf 84' lang='grc' dir='ltr'><em>ή</em></span> <span class='ocrx_word' id='word_1_166' title='bbox 1044 2548 1183 2627; x_wconf 76' lang='grc' dir='ltr'><em>δειξάτω</em></span> 
     </span>
     <span class='ocr_line' id='line_1_23' title="bbox 165 2649 1185 2744; baseline -0.002 -22"><span class='ocrx_word' id='word_1_167' title='bbox 165 2681 215 2733; x_wconf 90' lang='grc' dir='ltr'><em>τις</em></span> <span class='ocrx_word' id='word_1_168' title='bbox 238 2656 318 2742; x_wconf 85' lang='grc' dir='ltr'><em>ήμῖν</em></span> <span class='ocrx_word' id='word_1_169' title='bbox 341 2655 402 2736; x_wconf 83' lang='grc' dir='ltr'><em>ἔξω</em></span> <span class='ocrx_word' id='word_1_170' title='bbox 425 2668 486 2723; x_wconf 88' lang='grc' dir='ltr'><em>τοῦ</em></span> <span class='ocrx_word' id='word_1_171' title='bbox 504 2655 702 2741; x_wconf 85' lang='grc' dir='ltr'><em>Ἑλληνικοῦ</em></span> <span class='ocrx_word' id='word_1_172' title='bbox 725 2663 836 2742; x_wconf 81' lang='grc' dir='ltr'><em>φῦλον</em></span> <span class='ocrx_word' id='word_1_173' title='bbox 859 2657 984 2742; x_wconf 79' lang='grc' dir='ltr'><em>ἕτερον,</em></span> <span class='ocrx_word' id='word_1_174' title='bbox 1013 2649 1039 2744; x_wconf 71' lang='grc' dir='ltr'><strong><em>ᾧ</em></strong></span> <span class='ocrx_word' id='word_1_175' title='bbox 1062 2655 1185 2737; x_wconf 91' lang='grc' dir='ltr'><em>πάτριά</em></span> 
     </span>
     <span class='ocr_line' id='line_1_24' title="bbox 167 2762 1185 2848; baseline -0.002 -18"><span class='ocrx_word' id='word_1_176' title='bbox 167 2763 236 2830; x_wconf 80' lang='grc' dir='ltr'><em>ἐστι</em></span> <span class='ocrx_word' id='word_1_177' title='bbox 259 2773 361 2830; x_wconf 90' lang='grc' dir='ltr'><em>ταῦτα</em></span> <span class='ocrx_word' id='word_1_178' title='bbox 383 2765 423 2829; x_wconf 83' lang='grc' dir='ltr'><em>τά</em></span> <span class='ocrx_word' id='word_1_179' title='bbox 448 2765 536 2847; x_wconf 89' lang='grc' dir='ltr'><em>ἰερά,</em></span> <span class='ocrx_word' id='word_1_180' title='bbox 563 2762 617 2831; x_wconf 90' lang='grc' dir='ltr'><em>καί</em></span> <span class='ocrx_word' id='word_1_181' title='bbox 645 2766 717 2829; x_wconf 85' lang='grc' dir='ltr'><em>τότε</em></span> <span class='ocrx_word' id='word_1_182' title='bbox 749 2763 952 2848; x_wconf 77' lang='grc' dir='ltr'><em>διαβαλλέτω</em></span> <span class='ocrx_word' id='word_1_183' title='bbox 976 2764 1099 2847; x_wconf 79' lang='grc' dir='ltr'><em>ταύτην</em></span> <span class='ocrx_word' id='word_1_184' title='bbox 1122 2764 1185 2847; x_wconf 83' lang='grc' dir='ltr'><em>τήν</em></span> 
     </span>
     <span class='ocr_line' id='line_1_25' title="bbox 116 2866 1185 2955; baseline -0.004 -17"><span class='ocrx_word' id='word_1_185' title='bbox 116 2873 158 2939; x_wconf 80' lang='lat'><em>15</em></span> <span class='ocrx_word' id='word_1_186' title='bbox 168 2870 337 2949; x_wconf 75' lang='grc' dir='ltr'><em>ἀπόδειξιν</em></span> <span class='ocrx_word' id='word_1_187' title='bbox 357 2870 401 2946; x_wconf 81' lang='grc' dir='ltr'><em>ὡς</em></span> <span class='ocrx_word' id='word_1_188' title='bbox 421 2869 480 2955; x_wconf 82' lang='grc' dir='ltr'><em>οὐχ</em></span> <span class='ocrx_word' id='word_1_189' title='bbox 499 2869 585 2954; x_wconf 87' lang='grc' dir='ltr'><em>ῦγιή.</em></span> <span class='ocrx_word' id='word_1_190' title='bbox 633 2875 908 2955; x_wconf 88' lang='grc' dir='ltr'><em>συντελεσθείσης</em></span> <span class='ocrx_word' id='word_1_191' title='bbox 924 2866 961 2935; x_wconf 70' lang='grc' dir='ltr'><em>δὲ</em></span> <span class='ocrx_word' id='word_1_192' title='bbox 979 2879 1036 2954; x_wconf 86' lang='grc' dir='ltr'><em>τής</em></span> <span class='ocrx_word' id='word_1_193' title='bbox 1053 2878 1185 2954; x_wconf 81' lang='grc' dir='ltr'><em>πομπῆς</em></span> 
     </span>
     <span class='ocr_line' id='line_1_26' title="bbox 128 2968 1185 3064; baseline -0.002 -20"><span class='ocrx_word' id='word_1_194' title='bbox 128 2996 154 3038; x_wconf 74' lang='lat'><em>25</em></span> <span class='ocrx_word' id='word_1_195' title='bbox 169 2977 379 3064; x_wconf 78' lang='grc' dir='ltr'><em>ἐβουθύτουν</em></span> <span class='ocrx_word' id='word_1_196' title='bbox 406 2977 511 3052; x_wconf 82' lang='grc' dir='ltr'><em>εὐθῦς</em></span> <span class='ocrx_word' id='word_1_197' title='bbox 539 2978 574 3042; x_wconf 83' lang='grc' dir='ltr'><em>οἰ</em></span> <span class='ocrx_word' id='word_1_198' title='bbox 598 2973 634 3042; x_wconf 87' lang='grc' dir='ltr'><em>θ’</em></span> <span class='ocrx_word' id='word_1_199' title='bbox 664 2977 783 3042; x_wconf 79' lang='grc' dir='ltr'><em>ὕπατοι</em></span> <span class='ocrx_word' id='word_1_200' title='bbox 810 2979 866 3042; x_wconf 84' lang='grc' dir='ltr'><em>καί</em></span> <span class='ocrx_word' id='word_1_201' title='bbox 894 2987 961 3043; x_wconf 89' lang='grc' dir='ltr'><em>τῶν</em></span> <span class='ocrx_word' id='word_1_202' title='bbox 989 2973 1105 3062; x_wconf 87' lang='grc' dir='ltr'><em>ίερέων</em></span> <span class='ocrx_word' id='word_1_203' title='bbox 1132 2968 1185 3054; x_wconf 88' lang='grc' dir='ltr'><em>οἰς</em></span> 
     </span>
     <span class='ocr_line' id='line_1_27' title="bbox 168 3077 1258 3170; baseline 0.003 -20"><span class='ocrx_word' id='word_1_204' title='bbox 168 3085 279 3169; x_wconf 83' lang='grc' dir='ltr'><em>ὅσιον,</em></span> <span class='ocrx_word' id='word_1_205' title='bbox 308 3082 364 3150; x_wconf 88' lang='grc' dir='ltr'><em>καί</em></span> <span class='ocrx_word' id='word_1_206' title='bbox 392 3084 409 3150; x_wconf 86' lang='grc' dir='ltr'>ὁ</span> <span class='ocrx_word' id='word_1_207' title='bbox 437 3095 504 3148; x_wconf 86' lang='grc' dir='ltr'><em>τῶν</em></span> <span class='ocrx_word' id='word_1_208' title='bbox 532 3089 729 3168; x_wconf 91' lang='grc' dir='ltr'><em>θυηπολιῶν</em></span> <span class='ocrx_word' id='word_1_209' title='bbox 758 3086 880 3170; x_wconf 85' lang='grc' dir='ltr'><em>τρόπος</em></span> <span class='ocrx_word' id='word_1_210' title='bbox 904 3083 921 3149; x_wconf 94' lang='grc' dir='ltr'>ὁ</span> <span class='ocrx_word' id='word_1_211' title='bbox 945 3083 1044 3159; x_wconf 85' lang='grc' dir='ltr'><em>αὐτὸς</em></span> <span class='ocrx_word' id='word_1_212' title='bbox 1070 3077 1113 3166; x_wconf 84' lang='grc' dir='ltr'><em>ήν</em></span> <span class='ocrx_word' id='word_1_213' title='bbox 1136 3091 1258 3170; x_wconf 73' lang='grc' dir='ltr'><em>τῷιλεσ</em></span> 
     </span>
    </p>
   </div>
   <div class='ocr_carea' id='block_1_3' title="bbox 166 3238 1187 3597">
    <p class='ocr_par' dir='ltr' id='par_1_3' title="bbox 166 3238 1187 3597">
     <span class='ocr_line' id='line_1_28' title="bbox 239 3238 1183 3312; baseline 0.001 -18"><span class='ocrx_word' id='word_1_214' title='bbox 239 3246 254 3294; x_wconf 79' lang='grc'>2</span> <span class='ocrx_word' id='word_1_215' title='bbox 276 3239 389 3312; x_wconf 78' lang='grc' dir='ltr'><em>ἔχουσαι</em></span> <span class='ocrx_word' id='word_1_216' title='bbox 408 3259 430 3297; x_wconf 88' lang='grc' dir='ltr'><em>ο.</em></span> <span class='ocrx_word' id='word_1_217' title='bbox 451 3239 596 3310; x_wconf 71' lang='lat' dir='ltr'><strong>Kietsling</strong></span> <span class='ocrx_word' id='word_1_218' title='bbox 649 3239 892 3310; x_wconf 79' lang='grc' dir='ltr'><em>4παραῦέῦονται</em></span> <span class='ocrx_word' id='word_1_219' title='bbox 911 3255 933 3294; x_wconf 86' lang='grc' dir='ltr'><em>ο.</em></span> <span class='ocrx_word' id='word_1_220' title='bbox 953 3238 1098 3308; x_wconf 80' lang='lat' dir='ltr'>Kiessling</span> <span class='ocrx_word' id='word_1_221' title='bbox 1151 3247 1183 3295; x_wconf 90' lang='lat'><em>11</em></span> 
     </span>
     <span class='ocr_line' id='line_1_29' title="bbox 167 3306 1187 3382; baseline 0.001 -18"><span class='ocrx_word' id='word_1_222' title='bbox 167 3307 220 3380; x_wconf 85' lang='grc' dir='ltr'><em>ἀφ’</em></span> <span class='ocrx_word' id='word_1_223' title='bbox 243 3306 282 3366; x_wconf 83' lang='grc' dir='ltr'><em>ὧν</em></span> <span class='ocrx_word' id='word_1_224' title='bbox 300 3313 352 3366; x_wconf 86' lang='grc' dir='ltr'><em>ΑΒ</em></span> <span class='ocrx_word' id='word_1_225' title='bbox 371 3311 425 3382; x_wconf 80' lang='grc' dir='ltr'><em>ἀφ’</em></span> <span class='ocrx_word' id='word_1_226' title='bbox 447 3308 480 3368; x_wconf 78' lang='grc' dir='ltr'><em>οῦ</em></span> <span class='ocrx_word' id='word_1_227' title='bbox 498 3312 524 3365; x_wconf 87' lang='lat' dir='ltr'><strong>R</strong></span> <span class='ocrx_word' id='word_1_228' title='bbox 607 3318 639 3366; x_wconf 78' lang='lat'><em>12</em></span> <span class='ocrx_word' id='word_1_229' title='bbox 661 3311 839 3382; x_wconf 80' lang='grc' dir='ltr'><em>Φερσεφόνης</em></span> <span class='ocrx_word' id='word_1_230' title='bbox 857 3311 911 3364; x_wconf 87' lang='grc' dir='ltr'><em>ΑΒ</em></span> <span class='ocrx_word' id='word_1_231' title='bbox 994 3318 1025 3364; x_wconf 78' lang='grc'><em>17</em></span> <span class='ocrx_word' id='word_1_232' title='bbox 1044 3309 1187 3381; x_wconf 82' lang='grc' dir='ltr'><em>*Ἑλένης</em></span> 
     </span>
     <span class='ocr_line' id='line_1_30' title="bbox 169 3381 1187 3454; baseline 0.002 -18"><span class='ocrx_word' id='word_1_233' title='bbox 169 3381 191 3437; x_wconf 92' lang='lat'>0</span> <span class='ocrx_word' id='word_1_234' title='bbox 211 3385 350 3454; x_wconf 85' lang='grc' dir='ltr'><em>Σειληνοῦ</em></span> <span class='ocrx_word' id='word_1_235' title='bbox 369 3401 393 3440; x_wconf 88' lang='lat' dir='ltr'><em>c.</em></span> <span class='ocrx_word' id='word_1_236' title='bbox 407 3383 552 3452; x_wconf 83' lang='lat' dir='ltr'>Kiessling</span> <span class='ocrx_word' id='word_1_237' title='bbox 570 3383 696 3452; x_wconf 84' lang='grc' dir='ltr'><em>Σελήνης</em></span> <span class='ocrx_word' id='word_1_238' title='bbox 714 3399 768 3452; x_wconf 83' lang='lat' dir='ltr'><em>ego</em></span> <span class='ocrx_word' id='word_1_239' title='bbox 788 3383 822 3436; x_wconf 87' lang='lat' dir='ltr'><em>cf.</em></span> <span class='ocrx_word' id='word_1_240' title='bbox 838 3383 944 3436; x_wconf 80' lang='lat' dir='ltr'>Preller</span> <span class='ocrx_word' id='word_1_241' title='bbox 957 3381 1048 3451; x_wconf 70' lang='lat' dir='ltr'><strong>Myth.</strong></span> <span class='ocrx_word' id='word_1_242' title='bbox 1063 3384 1187 3450; x_wconf 83' lang='lat' dir='ltr'>graec.1</span> 
     </span>
     <span class='ocr_line' id='line_1_31' title="bbox 167 3452 1185 3522; baseline 0.002 -14"><span class='ocrx_word' id='word_1_243' title='bbox 167 3473 194 3522; x_wconf 81' lang='lat' dir='ltr'><em>p.</em></span> <span class='ocrx_word' id='word_1_244' title='bbox 211 3459 261 3509; x_wconf 82' lang='lat'><em>363</em></span> <span class='ocrx_word' id='word_1_245' title='bbox 287 3459 316 3510; x_wconf 77' lang='grc' dir='ltr'><em>ελ</em></span> <span class='ocrx_word' id='word_1_246' title='bbox 339 3461 390 3510; x_wconf 86' lang='grc'><em>613</em></span> <span class='ocrx_word' id='word_1_247' title='bbox 485 3461 516 3508; x_wconf 86' lang='grc'><em>18</em></span> <span class='ocrx_word' id='word_1_248' title='bbox 536 3452 699 3522; x_wconf 78' lang='grc' dir='ltr'><em>οἰκήσαντες</em></span> <span class='ocrx_word' id='word_1_249' title='bbox 720 3453 774 3506; x_wconf 87' lang='grc' dir='ltr'><em>ΑΒ</em></span> <span class='ocrx_word' id='word_1_250' title='bbox 875 3461 908 3508; x_wconf 77' lang='grc'><em>’20</em></span> <span class='ocrx_word' id='word_1_251' title='bbox 931 3452 1040 3516; x_wconf 84' lang='grc' dir='ltr'><em>πάντας</em></span> <span class='ocrx_word' id='word_1_252' title='bbox 1064 3455 1086 3508; x_wconf 94' lang='grc' dir='ltr'><strong>Ο</strong></span> <span class='ocrx_word' id='word_1_253' title='bbox 1113 3469 1185 3510; x_wconf 79' lang='lat' dir='ltr'><strong>corr.</strong></span> 
     </span>
     <span class='ocr_line' id='line_1_32' title="bbox 166 3524 934 3597; baseline -0.003 -18"><span class='ocrx_word' id='word_1_254' title='bbox 166 3524 312 3597; x_wconf 79' lang='lat' dir='ltr'>Kiessling</span> <span class='ocrx_word' id='word_1_255' title='bbox 383 3525 418 3581; x_wconf 74' lang='lat'><em>&#39;24</em></span> <span class='ocrx_word' id='word_1_256' title='bbox 438 3527 488 3595; x_wconf 81' lang='grc' dir='ltr'><em>οὐχ</em></span> <span class='ocrx_word' id='word_1_257' title='bbox 506 3526 544 3588; x_wconf 85' lang='grc' dir='ltr'><em>ὡς</em></span> <span class='ocrx_word' id='word_1_258' title='bbox 562 3527 625 3596; x_wconf 84' lang='grc' dir='ltr'><em>ὑγιή</em></span> <span class='ocrx_word' id='word_1_259' title='bbox 646 3527 666 3578; x_wconf 88' lang='grc' dir='ltr'>Β</span> <span class='ocrx_word' id='word_1_260' title='bbox 739 3531 773 3579; x_wconf 78' lang='grc'><em>26</em></span> <span class='ocrx_word' id='word_1_261' title='bbox 793 3525 808 3580; x_wconf 83' lang='grc' dir='ltr'><strong>ὁ</strong></span> <span class='ocrx_word' id='word_1_262' title='bbox 828 3525 891 3581; x_wconf 87' lang='lat' dir='ltr'>add.</span> <span class='ocrx_word' id='word_1_263' title='bbox 911 3525 934 3577; x_wconf 92' lang='lat' dir='ltr'>B</span> 
     </span>
    </p>
   </div>
   <div class='ocr_carea' id='block_1_4' title="bbox 0 0 1334 3976">
    <p class='ocr_par' dir='ltr' id='par_1_4' title="bbox 0 0 1334 3976">
     <span class='ocr_line' id='line_1_33' title="bbox 0 0 1334 3976; baseline 0 0"><span class='ocrx_word' id='word_1_264' title='bbox 0 0 1334 3976; x_wconf 95' lang='lat' dir='ltr'><em> </em></span> 
     </span>
    </p>
   </div>
  </div>
 </body>
</html>
