2656 3974
593 194 762 246 -0-

171 367 290 441 σημεῖα
316 359 486 442 πολεμίοις
509 354 692 444 προέμενος
714 353 769 422 καὶ
792 365 882 442 φυγῇ
905 353 986 442 πρὶν
1010 357 1057 432 είς
1078 366 1267 441 χεῖραςιευο
1322 349 1323 396 ³

171 462 286 530 ἐλθεῖν
318 461 534 552 ἐπονειδίστῳ
565 463 790 550 χρησόμενος,
826 463 937 548 ὥσπερ
969 459 1051 547 ἐμοῦ
1083 465 1194 546 μόνον
1322 479 1323 486 ’

171 568 439 657 ἀφαιρησόμενος
460 571 522 654 τήν
544 568 581 636 έκ
603 577 660 653 τῆς
682 571 777 653 νίκης
800 567 914 654 δόξαν,
937 565 1009 634 ἀλλ’
1037 566 1114 654 οὐχὶ
1136 567 1194 634 καί

137 683 230 761 ὂτής
262 676 421 761 πατρίδος
447 677 485 741 τὸ
512 676 594 741 κατα
620 686 688 742 τῶν
715 674 848 762 ἐχθρῶν
874 674 992 752 πάθος.
1039 671 1098 764 καὶ
1125 683 1194 740 νῦν

146 783 402 860 εθάολούσκοις
428 782 511 847 κατὰ
528 779 698 866 Ῥωμαίων
720 782 849 848 ἵσταται
872 783 1030 867 τρόπαια,
1056 777 1113 846 καὶ
1136 805 1193 847 κο-

172 899 302 973 σμεῖται
324 899 395 966 τοῖς
417 885 588 974 ἡμετέροις
611 889 776 974 λαφύροις
797 887 959 962 τάκείνων
983 887 1055 972 ίερά
1077 884 1135 952 καὶ
1153 885 1194 952 ἐν

173 995 377 1081 αὐχήμασιν,
405 994 534 1078 ἡλίκοις
563 995 737 1062 οὐπώποτε
764 995 802 1060 αί
825 997 938 1072 πόλεις
965 994 1076 1059 αὐτῶν
1102 994 1192 1058 εἰσιν

172 1098 253 1178 τέως
274 1096 358 1186 ὑπὲρ
380 1099 654 1188 ἀνδραποδισμοῦ
672 1124 707 1168 τε
725 1099 781 1167 καὶ
798 1109 1010 1186 κατασκαφῆς
1028 1111 1095 1166 τῖον
1112 1100 1193 1184 ήμε-

138 1205 278 1294 6τέρων
309 1209 464 1293 δεόμεναι
493 1208 677 1293 ήγεμόνων.
722 1202 788 1294 ἀρά
814 1231 852 1292 γε
880 1209 1012 1273 δίκαιον
1039 1207 1060 1290 ή
1088 1208 1193 1272 καλὸν

134 1336 161 1378 ιο
174 1312 228 1380 ἐπὶ
250 1315 415 1393 τοιούτοις
436 1315 674 1401 κατορθώμασι
696 1315 795 1402 χάριν
818 1315 931 1392 αὐτοῖς
953 1313 1039 1399 ὑμᾶς
1054 1313 1194 1398 εἰδέναι,

174 1416 229 1485 καὶ
254 1420 429 1504 δημοσίαις
451 1420 643 1504 ἐπικοσμεῖν
666 1421 806 1507 δωρεαῖς
823 1421 1113 1506 κληρουχήσαντας
1130 1421 1194 1503 τήν
1322 1487 1323 1494 ¹

174 1534 254 1610 γῆν,
279 1521 318 1610 ής
339 1525 493 1611 πολέμιοι
516 1536 676 1613 κρατοῦσι
698 1529 736 1593 τὸ
759 1527 842 1592 κατὰ
864 1527 1005 1603 τούτους
1026 1521 1114 1592 εἶναι
1136 1527 1270 1611 με’-1891
1322 1567 1323 1606 η

175 1656 247 1719 ρος;
272 1630 355 1698 ἀλλὰ
378 1635 414 1698 τί
435 1634 489 1699 δεῖ
503 1635 634 1712 τούτοις
653 1634 816 1720 ἐγκαλεῖν,
839 1625 890 1710 οἷς
908 1629 953 1698 δι’
972 1632 1194 1698 ἀπαιδευσίαν
1322 1625 1323 1632 ³

174 1736 283 1804 τεκαὶ
302 1736 500 1823 δυσγένειαν
519 1741 633 1824 ὀλίγος
651 1738 721 1806 ἐστὶ
739 1752 806 1807 τῶν
824 1746 935 1806 καλῶν
954 1742 1064 1825 λόγος,
1088 1739 1194 1823 δρῦν-

135 1871 161 1912 ιι
174 1868 246 1930 τας,
277 1845 321 1923 ὡς
351 1843 424 1912 οὐδ’
457 1845 494 1913 ἐν
523 1858 592 1924 τοῖς
621 1846 793 1934 ὑμετέροις
822 1849 922 1931 ήθεσι
948 1855 1051 1912 πᾶσιν
1079 1847 1126 1910 έτι
1153 1847 1193 1912 τὸ

175 1951 314 2038 ἀρχαῖον
337 1953 425 2018 οἰκεῖ
444 1955 611 2038 φρόνημα,
634 1949 706 2018 ἀλλ’
729 1952 894 2019 αὐθάδεια
912 1949 975 2037 μεν
992 1952 1013 2035 ή
1033 1954 1196 2036 σεμνότης

174 2063 321 2124 καλεῖται
343 2061 427 2145 πρὸς
449 2058 565 2144 ἐνίων,
587 2063 695 2147 μωρία
718 2057 748 2124 δ
770 2059 791 2143 ή
815 2059 1029 2144 δικαιοσύνη,
1051 2060 1196 2144 μανικὸν

175 2159 213 2228 δὲ
235 2166 273 2230 τὸ
296 2164 466 2252 ἀνδρεῖον,
488 2164 544 2232 καὶ
566 2167 702 2252 ἠλίθιον
725 2169 762 2234 τὸ
786 2177 938 2253 σῶφρονς
966 2166 987 2232 δ
1010 2164 1048 2232 δὲ
1071 2167 1195 2251 μισητὰ

175 2271 264 2354 παρὰ
286 2282 357 2348 τοῖς
378 2272 552 2360 προτέροις
574 2268 632 2358 ήυ,
659 2283 763 2341 ταῦτα
784 2275 973 2360 πυργοῦταί
991 2295 1027 2338 τε
1048 2281 1114 2338 νῦν
1137 2270 1196 2338 καὶ

136 2399 163 2442 ιο
176 2377 348 2461 θαυμάσια
377 2379 475 2463 ήλίκα
505 2383 658 2464 φαίνεται
684 2392 754 2458 τοῖς
781 2377 1042 2466 διεφθαρμένοις
1068 2377 1195 2464 ἀγαθοί,

177 2480 340 2569 ἀνανδρία
369 2483 424 2550 καλ
451 2489 644 2572 βωμολοχία
670 2484 726 2551 καλ
753 2489 935 2570 κακοήθεια
961 2482 1017 2552 καὶ
1044 2487 1082 2551 τὸ
1109 2505 1195 2551 παν-
1322 2567 1323 2576 2

177 2591 305 2676 ούργως
327 2592 435 2677 σοφὸν
457 2590 513 2658 καὶ
535 2594 573 2659 τὸ
595 2595 678 2678 πρὸς
700 2594 829 2659 ἀπαντα
853 2595 970 2677 ίταμὸν
992 2589 1107 2658 καὶτὸ
1132 2606 1266 2675 μοχ-1892
1322 2577 1323 2648 λ

177 2693 250 2761 δευὶ
277 2707 344 2763 τῶν
371 2701 570 2783 κρειττόνων
598 2697 764 2777 εὐπειθές·
797 2699 966 2776 δπολλάς
992 2699 1056 2783 ήδη
1079 2700 1195 2774 πόλεις
1322 2717 1323 2730 ’

248 2895 263 2943 2
287 2867 375 2943 τέεῦο
398 2888 463 2944 inde
487 2891 522 2945 ab
547 2889 644 3018 ὥσπερ)
663 2908 752 2959 usque
772 2891 809 2946 ad
827 2889 1055 2961 ἀφαιρησόμενος
1073 2905 1129 2944 om.
1149 2890 1195 2944 Ba

178 2958 242 3014 add.
261 2960 361 3051 Bbmg
468 2967 485 3015 4
507 2960 603 3024 πόθος
667 2961 804 3034 τρόπαιον
823 2981 846 3018 ο.
865 2962 1048 3017 Οεεοοὶιοοοε
1067 2959 1149 3023 κλέος
1169 2977 1192 3016 ο.

176 3029 281 3084 Reiske
300 3050 402 3102 ιιρατος
416 3049 438 3086 ο.
453 3031 597 3103 Kiessling
614 3049 679 3088 mea
697 3034 813 3102 quidem
830 3032 973 3088 sententia
990 3031 1064 3088 nihil
1081 3034 1193 3086 mutan·

177 3099 244 3156 dum
263 3103 307 3156 est
379 3101 561 3174 δύμετέροις
581 3104 633 3158 ΑΒ
658 3106 663 3176 Ι
687 3106 825 3161 τάκείνων
843 3104 869 3157 A
886 3104 922 3159 τδι
941 3099 1058 3160 ἐκείνων
1077 3105 1103 3158 R
1176 3109 1193 3158 8

176 3180 360 3242 καταοφαγής
377 3175 401 3228 Β
421 3181 426 3238 Ι
446 3175 586 3246 ὑμετέρων
604 3174 657 3230 ΑΒ
732 3182 766 3232 14
788 3175 904 3246 ὁλόγυς
921 3176 947 3229 A
1020 3181 1053 3230 15
1076 3172 1192 3246 ἤθεσιν]

177 3243 311 3311 στήθεσιν
335 3261 356 3300 ο.
377 3244 542 3300 dubitanter
559 3246 702 3317 Kiessh'ng
780 3253 812 3303 16
837 3243 948 3304 ἐνοικεῖ
965 3263 989 3303 ο.
1008 3244 1086 3300 idem
1160 3250 1192 3300 19

176 3313 265 3369 τοῦτό
283 3335 312 3370 τε
330 3325 487 3387 πυργοῦται
504 3326 557 3373 νῦν
575 3318 601 3372 A
672 3325 707 3374 20
729 3319 814 3388 ήλίιια
832 3319 897 3374 εδδ.
917 3318 940 3372 Β
1013 3323 1048 3373 21
1071 3317 1104 3373 τὸ
1122 3337 1193 3372 παν-

178 3384 284 3454 ούργως
302 3386 392 3456 σοφὸν
411 3390 464 3442 ΑΒ
484 3387 573 3458 σοφὸν
593 3389 647 3446 del.
665 3389 810 3460 Kiessling
865 3397 898 3446 22
918 3389 1014 3461 *πρὸς
1031 3388 1128 3444 πάντα
1147 3389 1191 3460 01

177 3456 339 3524 μηδενδςΒ
412 3464 446 3514 23
466 3460 613 3516 εύπειθεῖυ
631 3462 657 3515 Α
