2586 3972
162 251 228 314 214
584 253 753 302 -H-

161 419 269 500 φόνον
288 414 437 480 ἐπόθουν
456 417 571 498 λαβεῖν
590 414 635 490 ὡς
650 412 779 498 ἀνόμου
794 415 894 499 ἔργου
908 411 964 480 καί
977 407 1186 500 ἀσυμφόρου

161 534 233 600 ταῖς
259 525 396 588 πόλεσιν
424 520 599 607 ἄρξαντας,
632 522 713 586 ἀνευ
741 522 835 605 δίκης
867 521 903 587 έν
932 531 1053 608 χειρῶν
1086 525 1187 610 νόμφ

128 628 238 694 2τινά
256 627 448 694 ἀποκτείναι
465 626 520 693 καὶ
538 622 636 693 ταῦθ’
654 627 809 712 ἡγεμόνα.
847 626 989 711 μάλιστα
1008 625 1039 692 δ’
1056 628 1189 711 ῆγανά-

161 758 265 801 κτουν
297 735 333 800 οί
361 746 433 812 ταῖς
464 738 648 820 στρατείαις
679 733 782 801 αὐτοῦ
812 737 1094 819 παραγενόμενοι,
1127 733 1189 800 καί

137 841 277 927 εέπειδῆ
306 845 402 920 ζῶντι
430 841 518 928 αὐτῷ
548 841 608 926 οὐχ
639 839 747 906 ίκανοὶ
778 838 932 924 έγένοντο
956 838 1102 906 κωλυταὶ
1127 852 1190 926 τῆς

163 956 351 1042 συμφορᾶς,
374 948 431 1025 τάς
449 949 528 1032 μετὰ
546 949 606 1013 τὸν
623 948 774 1013 θάνατον
793 946 1012 1032 ὀφειλομένας
1029 949 1189 1032 ἔγνωσαν

163 1054 362 1120 ἀποδιδόναι
380 1053 526 1139 χάριτας,
546 1051 771 1140 συμφέροντες
789 1055 836 1130 είς
853 1055 915 1139 τῆν
932 1053 1069 1140 ἀγοράν,
1090 1053 1245 1140 ὅσων164ε

164 1162 233 1225 ἔδει
260 1171 329 1238 τοϊς
358 1160 500 1244 ἀγαθοῖς
523 1159 687 1247 ἀνδράσιν
710 1163 757 1238 είς
779 1163 840 1246 τῆν
863 1161 1048 1244 ἀναγκαίαν
1070 1163 1187 1244 τιμῆν.

130 1266 278 1351 δέπειδῆ
303 1263 340 1332 δέ
362 1263 459 1332 πάντ’
488 1265 691 1353 εὐτρέπιστο,
714 1266 831 1345 θέντες
856 1265 909 1332 ε’πὶ
933 1276 1107 1352 στρωμνῆς
1132 1267 1188 1333 έκ-

124 1393 150 1432 1⁰
163 1374 373 1462 πρεπεστάτςο
413 1372 600 1458 ἠσκημένης
639 1377 752 1464 κόσμῳ
793 1376 855 1459 τῆν
898 1375 1186 1462 αὐτοκρατορικὴν

165 1485 282 1567 ἔχοντα
312 1480 452 1565 ἐσθῆτα,
483 1478 539 1546 καὶ
566 1483 631 1564 πρὸ
659 1490 716 1565 τῆς
742 1486 858 1566 κλίνης
885 1481 989 1548 αὐτοῦ
1016 1479 1187 1568 φέρεσθαι

162 1591 377 1664 κελεύσαντες
404 1586 538 1673 λάφυρά
564 1610 599 1653 τε
626 1585 681 1652 καὶ
714 1594 818 1656 σκῦλα
840 1586 896 1653 καὶ
920 1587 1105 1674 στεφάνους
1128 1587 1186 1654 καί

164 1697 294 1779 μνῆμας
317 1689 365 1760 ὧν
391 1685 458 1760 εἷλε
486 1696 633 1778 πόλεων,
662 1696 785 1780 ῆραντο
813 1696 874 1778 τὴν
902 1699 1021 1779 κλίνην
1045 1695 1081 1759 οί
1102 1698 1188 1779 λαμ-

163 1805 321 1887 πρότατοι
344 1812 411 1867 τῶν
429 1797 517 1866 νέων
537 1800 573 1866 ἐν
591 1812 661 1878 τοῖς
683 1802 765 1866 κατά
788 1799 955 1886 πολέμους
978 1803 1102 1885 ἔργοις·
1127 1799 1186 1866 καὶ

125 1924 150 1966 15
163 1911 359 1993 κομίσαντες
380 1909 428 1985 είς
445 1909 483 1974 τὸ
506 1907 716 1994 προάστειον,
739 1907 757 1973 ὃ
781 1909 923 1993 μάλιστα
945 1902 989 1992 ῆν
1013 1906 1185 1992 ἐπιφανές,

164 2017 287 2081 ἔθεσαν
315 2014 368 2080 ἐπί
397 2015 456 2098 τῆν
479 2013 791 2100 παρεσκευασμένην
813 2015 940 2101 πυράν,
968 2031 1186 2100 συμπροπεμ-

164 2122 292 2206 πούσης
313 2123 351 2187 τό
376 2132 469 2205 σῶμα
492 2129 550 2205 τῆς
572 2124 698 2198 πόλεως
718 2121 797 2206 ὅλης
815 2118 884 2205 μετ’
907 2115 1053 2206 οίμωγῆς
1070 2144 1104 2186 τε
1127 2121 1185 2187 καί

129 2228 330 2309 4δακρύων.
381 2229 492 2293 ἔπειτα
520 2227 786 2313 κατασφάξαντές
815 2225 843 2293 τ’
875 2227 964 2316 αὐτῷ
993 2228 1100 2293 πολλὰ
1128 2233 1184 2314 βο·
1286 2269 1287 2334 χ

167 2337 315 2418 σκῆματα
342 2332 397 2399 καὶ
426 2344 493 2400 τῶν
522 2336 633 2400 ἀλλων
661 2333 883 2421 ἀπαρξάμενοι
913 2335 1062 2418 πάντων,
1093 2333 1183 2400 ὅσων
1286 2341 1287 2366 ἔ

127 2459 152 2497 20
166 2442 342 2527 άνθρωποι
364 2445 559 2526 βασιλεῦσιν
581 2441 601 2526 ῆ
627 2451 778 2527 στρατιᾶς
802 2441 963 2526 ἡγεμόσιν
987 2439 1041 2506 ἐπὶ
1062 2453 1182 2527 πυραῖς

166 2546 382 2632 ἀπάρχονται,
404 2546 608 2634 παρέμειναν
628 2549 663 2613 οί
678 2547 820 2633 μάλιστα
838 2550 897 2614 τὸν
916 2549 1024 2633 ἀνδρα
1042 2547 1180 2626 ἀσπαζό-

167 2677 262 2738 μενοι
285 2652 381 2740 μέχρι
403 2664 464 2720 τοῦ
487 2661 702 2738 μαρανθῆναι
721 2655 782 2738 τῆν
800 2656 921 2739 φλόγα,
943 2656 1081 2721 κάπειτα
1105 2671 1180 2720 συν-

167 2763 348 2845 αγαγόντες
379 2761 419 2825 τὰ
452 2764 593 2840 λείψανα
625 2763 757 2842 ἔθαψαν
792 2759 829 2826 έν
865 2770 911 2848 τῷ
947 2749 1037 2849 αὖτῷ
1072 2766 1179 2850 χωρίῳ

166 2869 292 2953 χώματι
315 2867 433 2955 ὑψηλῷ
457 2868 513 2932 διά
536 2870 747 2954 πολυχειρίας
765 2865 964 2953 ἐργασθέντι
982 2877 1096 2953 μνῆμα
1115 2866 1180 2934 έπί-

128 2989 154 3030 25
168 2991 275 3060 σημον
299 2973 528 3061 ἐργασάμενοι.

233 3080 303 3146 LX.
325 3080 480 3166 Μάρκιος
498 3076 559 3164 μέν
579 3080 620 3163 δῆ
639 3082 792 3164 τοιαύτης
810 3090 1040 3167 καταστροφῆς
1058 3083 1242 3168 ἔτυχεν,1649

168 3186 252 3274 ἀνῆρ
285 3184 341 3252 καί
372 3187 412 3252 τά
439 3184 580 3270 πολέμια
608 3188 741 3273 ἀριστος
768 3199 835 3253 τῶν
862 3183 940 3253 καθ’
967 3188 1101 3273 ἡλικίαν
1128 3184 1179 3252 καὶ

241 3384 255 3431 1
275 3379 392 3434 ἀνοσίου
411 3396 433 3437 ο.
453 3378 596 3448 Kiessling
695 3384 711 3432 9
732 3374 955 3450 ίκπρεπεστάτης
974 3380 1054 3436 ΑΒΟ
1147 3383 1176 3432 18

167 3449 382 3575 χὲῆλδέοάᾶῶ
473 3455 508 3504 24
526 3449 575 3504 διὰ
593 3452 775 3521 πολυχειρίαν
795 3450 818 3506 O
836 3451 950 3520 praeter
968 3453 994 3506 A
1082 3457 1114 3507 2⁷
1133 3448 1177 3504 καὶ
