2586 3972
601 209 769 259 „H-

176 367 453 455 προσληφθέντας
471 369 519 446 είς
536 325 599 452 τὴν
612 371 784 435 πολιτείαν
793 366 952 454 Ἕρνικας
965 372 1070 436 οἰκεία
1089 366 1185 453 ἑαυτῷ

176 475 429 562 παρασκευάσας
450 476 491 541 τά
514 477 609 560 ἔθνη.

243 582 347 648 LXX:
387 585 497 647 Ταῦτα
530 580 725 666 διανοηθείς
750 590 790 667 τῇ
822 582 903 666 μετὰ
934 584 993 648 τὸν
1025 585 1189 666 θρίαμβον
1283 587 1284 590 ’

176 688 282 778 ἡμέρᾳ
306 687 504 755 συνεκάλεσε
527 690 565 754 τὸ
587 693 718 773 πλῆθος
747 689 794 766 εἰς
816 687 1006 773 ἐκκλησίαν·
1035 687 1089 754 καί
1110 709 1190 773 παρ-

151 797 291 863 ιελθδιν
319 795 372 861 έπί
399 796 437 861 τὸ
466 797 572 880 βῆμα,
599 795 644 871 ὡς
666 797 746 872 ἔθος
768 792 837 860 ἔστί
859 805 970 861 ποιεῖν
992 806 1061 872 τοῖς
1083 801 1192 878 τεθρι-

178 905 371 987 αμβευκόσι,
398 911 533 986 πρῶτον
556 896 618 985 μὲν
646 898 795 965 ἀπέδωκε
818 901 878 966 τὸν
907 896 993 986 ὑπὲρ
1019 911 1086 966 τῶν
1113 922 1193 986 πρα-
1284 913 1285 996 J

140 1006 328 1094 2χθέντων
352 1007 441 1096 αὐτῷ
465 1011 579 1091 λόγον,
606 1002 648 1073 οὗ
670 1007 834 1091 κεφάλαια
856 1001 899 1091 ἡν
922 1017 1037 1073 ταῦτα·
1065 1008 1116 1073 ὅτι
1138 1015 1194 1092 τῆς
1284 1029 1285 1040 ’

177 1111 240 1199 μέν
262 1116 392 1201 πρώτης
418 1115 576 1191 ὑπατείας
601 1115 713 1198 τυχὼν
734 1115 772 1180 τὸ
796 1116 957 1198 Σαβίνων
980 1115 1081 1192 ἔθνος
1104 1113 1252 1180 ἀντι-1617
1284 1105 1285 1110 ’

176 1221 381 1304 ποιούμενον
399 1229 456 1304 τῆς
473 1220 651 1304 ἡγεμονίας
669 1220 756 1306 μάχη
775 1221 914 1303 νικήσας
926 1219 1076 1305 ὑπήκοον
1092 1221 1194 1306 ἡνάγ-

136 1347 163 1388 ιο
176 1344 256 1393 κασε
274 1324 445 1412 Ῥωμαίοις
468 1325 640 1411 γενέσθαι·
668 1325 882 1412 ἀποδειχθεὶς
909 1323 947 1392 δέ
974 1330 1012 1394 τὸ
1036 1327 1194 1414 δεύτερον

176 1434 300 1511 ὕπατος
326 1435 387 1518 τὴν
415 1433 578 1520 ἐμφύλιον
606 1435 727 1498 ἔπαυσε
755 1442 813 1517 τῆς
841 1436 969 1511 πόλεως
999 1434 1117 1500 στάσιν
1140 1432 1195 1500 καὶ

177 1543 340 1624 κατήγαγε
370 1543 430 1608 τὸν
464 1542 571 1625 δῆμον
602 1541 650 1616 εἰς
678 1540 741 1623 τὴν
767 1541 926 1626 πατρίδα,
957 1543 1126 1618 Λατίνους
1159 1537 1196 1606 δέ
1285 1617 1286 1624 ἡ

178 1658 348 1732 συγγενεῖς
370 1643 431 1732 μὲν
454 1649 552 1722 ὄντας
574 1655 632 1730 τῆς
650 1643 818 1731 Ῥωμαίων
839 1650 978 1731 πόλεως,
1003 1645 1056 1712 ἀεὶ
1079 1644 1118 1714 δέ
1141 1656 1197 1732 τῆς

83 1810 89 1820 .
176 1753 354 1838 ἡγεμονίας
376 1750 432 1818 καί
454 1761 511 1837 τῆς
534 1751 634 1837 δόξης
655 1753 738 1838 αὐτῇ
766 1759 999 1838 φθονοῦντας,
1025 1757 1074 1832 είς
1100 1757 1196 1841 φιλά

136 1880 162 1921 15
176 1884 256 1945 τητα
281 1863 448 1944 συνήγαγε
466 1869 524 1944 της
543 1861 762 1937 ἰσοπολιτείας
781 1862 954 1945 μεταδούς,
978 1861 1061 1927 ὥστε
1081 1861 1195 1947 μηκέτι

140 1972 161 2036 3
177 1966 371 2051 ἀντίπαλον,
393 1966 477 2031 ἀλλὰ
497 1967 641 2052 πατρίδα
659 1967 721 2050 τήν
733 1963 863 2051 Ῥώμην
881 1970 1038 2052 νομίζειν.
1082 1973 1195 2052 τρίτον

176 2070 214 2139 δέ
246 2074 408 2150 καταστὰς
439 2071 493 2138 ἐπὶ
525 2074 587 2157 τὴν
618 2072 723 2157 αὐτὴν
755 2072 862 2159 ἀρχὴν
884 2063 1135 2152 ΙΟὐολούσκους
1166 2071 1193 2141 τ’

178 2181 344 2264 ἠνάγκασε
368 2184 488 2265 φίλους
505 2176 581 2247 άντί
598 2183 767 2264 πολεμίων
785 2179 944 2264 γενέσθαι
962 2180 1017 2246 καί
1035 2184 1073 2248 τὸ
1087 2179 1195 2268 Ἑρνί-

176 2310 245 2354 κων
272 2289 375 2364 ἔθνος
401 2284 484 2371 μέγα
513 2309 548 2351 τε
576 2284 631 2351 καὶ
663 2287 804 2370 άλκιμον
836 2284 893 2352 καί
924 2291 1067 2372 πλησίον
1099 2297 1194 2373 σφῶν

107 2397 110 2405 ’
136 2411 163 2452 ιο
176 2396 330 2477 κείμενον
353 2393 511 2478 βλάπτειν
538 2415 573 2458 τε
600 2389 656 2458 καί
685 2391 829 2477 ὠφελεῖν
851 2394 892 2458 τά
915 2392 1052 2477 μέγιστα
1076 2393 1194 2459 ίκανώ-

142 2504 278 2566 4τατον
302 2496 456 2565 ἑκούσιον
478 2499 677 2584 ὑπηγάγετο.
721 2499 824 2566 ταῦτά
841 2521 877 2564 τε
897 2500 940 2584 δὴ
959 2496 1014 2565 καί
1036 2500 1077 2564 τά
1096 2499 1193 2584 ὅμοια

175 2607 306 2684 τούτοις
333 2603 515 2685 διεξελθὼν
542 2604 638 2689 ήξίου
666 2607 725 2671 τὸν
753 2605 860 2689 δῆμον
889 2602 995 2693 ἑαυτῷ
1018 2606 1194 2694 προσέχειν

175 2716 234 2780 τὸν
271 2723 374 2797 νοῦν,
410 2713 455 2790 ὡς
490 2714 580 2798 παρά
611 2712 736 2789 πάντας
768 2714 846 2788 τοὺς
877 2713 1006 2789 ἄλλους·
1031 2715 1193 2797 πρόνοιαν

176 2824 285 2907 ἔχοντι
312 2829 373 2886 τοῦ
387 2803 517 2886 κοινοῦ
543 2817 599 2884 καὶ
626 2820 673 2896 είς
699 2820 759 2884 τδν
781 2820 901 2884 λοιπὸν
925 2817 1033 2898 ἕξοντι
1061 2824 1193 2906 χρόνον.

248 2985 263 3032 2
288 2979 385 3047 *post
408 2975 480 3046 ἔθνη
501 2993 519 3030 a
543 2975 694 3046 Sylburgio
718 2974 890 3057 βουλόμενος
909 2975 1096 3046 desideretur,
1121 2976 1193 3046 quod

176 3048 251 3120 Omg
270 3048 364 3115 addin
383 3048 420 3140 eb
440 3047 531 3103 οἰκεῖα
545 3063 613 3129 yoce
627 3045 760 3128 Reishus
779 3064 884 3127 povum
899 3051 984 3117 ceput
1003 3065 1119 3102 exorsus
1139 3050 1191 3114 θείς

177 3117 734 3273 ιιιυιιιίυιολιεςλε
750 3118 966 3259 λοιβαί
984 3114 1192 3260 λιμοί

177 3263 369 3319 stitu1etv.2
384 3279 435 3332 pro
450 3259 672 3332 παρασκευάσαι,
706 3259 763 3314 uod
778 3259 801 3314 O
815 3260 963 3329 praebent,
977 3261 1192 3332 παρασκευάσας

176 3333 207 3387 in
225 3332 312 3391 ‚verba
330 3332 426 3403 recepi
530 3340 545 3387 3
564 3340 653 3386 ταῦτα
672 3278 707 3400 δὴ
727 3331 894 3400 διανοηθείς
913 3331 1003 3387 Cobet
1021 3331 1040 3388 l.
1055 3333 1073 3389 l.
1176 3336 1191 3384 6

177 3401 343 3459 ἀποδέδωκε
364 3405 386 3459 O
406 3402 536 3459 ἀπέδωκε
556 3401 679 3458 Sintenis
693 3401 851 3458 Em.-Di0n.
866 3403 905 3457 III
921 3409 953 3456 11
1011 3410 1044 3458 13
1062 3405 1114 3475 μὲν
1129 3402 1189 3458 add.

175 3476 199 3529 B
274 3481 306 3530 16
326 3475 358 3530 τὸ
376 3477 470 3545 τρίτον
490 3492 512 3531 ο.
533 3474 622 3529 Cobet
640 3473 705 3529 obs.
724 3491 751 3544 p.
768 3479 819 3528 169
