2586 3972
529 208 694 258 -H-
939 206 1118 270 '253

106 367 249 450 διέμενε·
279 377 350 444 ταῖς
373 360 403 431 δ’
430 363 504 452 ἑξής
526 365 662 452 ἡμέραις
684 369 839 453 φρουρὰν
860 370 1119 452 περιστήσαντος

105 481 166 539 τοῦ
188 473 317 538 ὑπάτου
340 483 386 561 τῷ
410 476 504 563 λόφφ
527 471 582 539 καὶ
604 474 712 551 παίσας
735 474 983 550 διακλείσαντος
1006 474 1121 552 ὅπλοις

105 580 162 657 τὰς
194 578 347 664 ἐξόδους,
383 585 469 668 λιμῷ
506 575 648 664 βιασθὲν
683 580 877 666 ὑποχείριον
909 582 1035 663 γίνεται
1066 579 1121 646 καὶ

104 686 314 770 παραδίδωσι
336 687 376 751 τὰ
399 686 494 751 ὅπλα.
540 687 558 753 ὁ
582 683 612 751 δ’
638 686 763 764 ὑπατος
784 689 845 770 τήν
867 709 902 752 τε
925 689 1030 771 λείαν,
1059 685 1157 772 ὅση4

105 790 258 878 ἐπέτυχε,
289 791 345 858 καὶ
371 793 412 858 τδι
439 792 573 878 λύφυρα
600 791 656 858 καὶ
682 795 761 870 τοὺς
787 794 1015 878 αἰχμαλώτους
1041 791 1122 860 ἀπο-
1149 819 1162 858 ε

106 899 232 994 δόσὺαι
255 901 412 977 κελεύσας
434 911 503 977 τοῖς
525 904 669 984 ταμίαις,
691 901 739 988 είς
757 901 818 985 τήν
836 903 936 966 πόλιν
958 899 1122 986 ἀπήνεγκε

105 1008 143 1073 τὸ
174 1004 347 1092 ἀργύριον.
396 1004 452 1072 καὶ
479 1003 548 1091 μετ’
580 1006 622 1072 οὐ
649 1009 757 1072 πολὺν
785 1010 910 1092 χρόνον
936 1005 1124 1092 ἀναστήσας

105 1113 168 1196 τήν
193 1113 339 1196 δύναμιν
362 1111 398 1178 ἐκ
420 1121 480 1197 τής
500 1115 660 1198 πολεμίας
681 1111 808 1198 ἀπήγεν
827 1111 876 1178 ἐπ’
900 1119 995 1182 οίκου
1013 1119 1124 1180 τελευ-

76 1269 79 1274 ·
105 1227 233 1296 νῶντος
258 1220 322 1303 ήδη
351 1228 411 1285 τοῦ
439 1222 543 1297 ἔτους.
589 1219 793 1287 ἐπιστάντων
817 1217 854 1286 δὲ
881 1229 949 1286 τῶν
971 1218 1124 1306 ἀρχαιρε-

105 1328 192 1391 σίων
225 1325 318 1404 ἔδοξε
350 1336 420 1402 τοῖς
450 1330 636 1411 πατρικίοις
669 1324 893 1411 ἠρεθισμένον
926 1327 1028 1410 ὁρῶσι
1064 1329 1124 1392 τὸν
1139 1352 1164 1391 10

1 1451 2 1498 1
107 1433 218 1517 δῆμον
247 1430 303 1497 καὶ
333 1435 599 1517 μεταμελόμενον
629 1431 683 1498 ἐπί
712 1441 751 1519 τῇ
775 1435 927 1499 Κασσίου
954 1432 1125 1519 καταδίκη,

1 1539 166 1604 171οδιά
194 1543 345 1623 φυλακής
372 1537 474 1603 αὑτὸν
502 1539 605 1624 ἔχειν,
632 1539 677 1622 μή
704 1562 736 1603 τι
762 1541 996 1623 παρακινήσειε
1023 1538 1125 1604 πάλιν

105 1648 156 1723 εἰς
186 1646 361 1728 δεκασμῶν
388 1641 465 1709 ἐλαί
450 1646 506 1709 ίδα
533 1642 589 1709 καὶ
616 1646 749 1729 κλήρων
777 1645 937 1730 διανομῆς
963 1644 1126 1730 ὑπαχθεὶς

2 1796 3 1821 ι
105 1749 165 1818 ὑπ’
194 1749 317 1834 ἀνδρὸς
340 1751 577 1835 δημαγωγῆσαι
595 1751 790 1816 δυνατοῦ
760 1773 798 1815 το
816 1759 873 1835 τής
895 1751 1051 1829 ὑπατείας
1069 1757 1126 1818 λα·
1228 1813 1230 1816 .

2 1856 3 1863 '
106 1859 233 1942 βόντος
261 1854 396 1941 ἀξίωμα.
449 1855 602 1941 ἐφαίνετο
636 1853 667 1921 δ’
694 1856 808 1934 αὑτοῖς
839 1856 943 1945 ήᾷστα
972 1861 1127 1942 κωλυθή-
1141 1880 1167 1921 ιε

2 2018 6 2057 ,
107 1969 235 2030 σεσθαι
262 1963 390 2028 τούτων
417 1965 508 2039 τινὸς
535 1963 750 2048 ὀρεγόμενος,
782 1964 814 2028 εί
842 1961 972 2046 γίνοιτο
1003 1963 1127 2040 ύπατος

107 2069 199 2155 ἀνήρ
226 2069 344 2152 ήκιστα
372 2070 557 2154 δημοτικός.
602 2069 865 2154 βουλευσόμενοι
888 2071 930 2155 δή
953 2079 1052 2136 τοῦτο
1075 2077 1162 2144 κεῖ)

5 2227 6 2249 ,
107 2177 250 2243 λεύουσι
278 2173 425 2260 μετιέναι
454 2176 515 2259 τήν
542 2177 703 2242 ὑπατείαν
730 2178 790 2242 τὸν
817 2175 932 2262 ἕτερον
957 2185 1025 2240 τῶν
1052 2200 1128 2242 κατ-

107 2282 352 2368 ηγορησάντων
374 2292 434 2350 τοῦ
457 2286 620 2368 Κασσίου,
643 2287 802 2349 Καίσωνα
827 2283 957 2367 Φάβιον
980 2281 1129 2368 ἀδελφὸν

109 2392 195 2456 όντα
217 2397 279 2454 τοὺ
301 2391 375 2455 τότε
397 2390 621 2467 ὑπατεύοντος
644 2393 807 2474 Κοίντου,
834 2388 890 2454 καὶ
917 2388 953 2456 ἐκ
981 2401 1048 2455 τῶν
1072 2391 1128 2456 ἀλ·
1142 2416 1169 2455 ιο

109 2501 184 2562 λων
197 2498 381 2581 πατρικίων
394 2497 540 2562 Λεύκιον
554 2497 711 2580 Αἰμίλιον
725 2497 833 2580 ἀνδρα
846 2494 1128 2582 ἀριστοκρατικόν.

108 2603 242 2667 τούτων
266 2597 304 2667 δὲ
327 2605 507 2687 μετιόντων
525 2603 586 2684 τήν
606 2601 712 2687 ἀρχήν
734 2603 877 2668 κωλύειν
899 2599 960 2688 μὲν
982 2602 1045 2686 οὐχ
1063 2593 1133 2669 οἷοί

109 2706 140 2774 τ’
165 2702 253 2792 ήσαν
271 2708 307 2774 οί
328 2709 510 2793 δημοτικοί,
532 2710 768 2786 καταλιπόντες
786 2704 823 2774 δδ
845 2711 903 2788 τὰς
922 2711 1131 2796 ἀρχαιρεσίας

106 2815 244 2906 ς’όχουτο
272 2813 309 2879 ἐκ
335 2823 395 2880 τοῦ
422 2817 549 2881 πεδίου.
595 2817 633 2880 τὸ
663 2815 727 2900 γὰρ
749 2823 807 2900 τής
829 2817 993 2900 λοχίτιδος
1016 2813 1165 2899 ἐκκλη-6

111 2925 190 2998 σίας
208 2931 311 3002 κῦρος
328 2919 368 2986 ἐν
383 2932 454 2999 ταῖς
470 2925 698 3006 ψηφοφορίαις
715 2920 791 3007 περὶ
813 2925 892 3000 τοὺς
914 2921 1131 3008 ἐπιφανεστύ-
1144 2945 1171 2986 εε

110 3051 196 3105 τους
218 3023 262 3111 ήν
286 3024 404 3093 καὶτὰ
426 3038 540 3114 πρῶτα
562 3030 725 3114 τιμήματα
748 3031 893 3115 ἔχοντας,
914 3027 970 3095 καὶ
989 3028 1131 3094 σπάνιόν

110 3159 146 3201 τι
171 3129 226 3220 ἦν,
248 3133 266 3199 ὃ
290 3133 474 3220 ἐπεκύρουν
492 3135 528 3200 οί
548 3135 604 3200 διὰ
627 3133 743 3219 μέσου
767 3136 785 3202 ὁ
810 3133 847 3201 δὲ
870 3140 1056 3212 τελευταῖος
1076 3137 1132 3200 λό-

191 3327 293 3381 13δια
264 3325 384 3396 ιαήνομν
413 3325 435 3380 Ο
465 3343 534 3381 corr
558 3325 662 3382 Reiske
738 3332 770 3382 15
790 3323 827 3404 ήηλ
829 3322 871 3382 στ’
895 3326 932 3381 αν
950 3327 1025 3381 Prou
1098 3332 1131 3382 18

113 3416 196 3487 μετε
185 3403 246 3452 να
236 3397 313 3451 ιΑΒ
384 3402 419 3451 23
438 3396 546 3471 ἀρχ<αι
541 3397 649 3488 >ρεσία
650 3400 734 3461 ςΒ
772 3405 867 3453 λὸα
825 3397 904 3468 παρὰ
918 3404 976 3462 τοῖς
994 3393 1042 3454 ἔτι
1032 3418 1133 3468 φια-νε

114 3467 172 3524 στα
171 3485 270 3530 τοιςο.
291 3467 393 3522 Reiske
467 3475 534 3523 λθτ
519 3468 554 3523 τὰ
572 3470 636 3524 add.
655 3470 678 3522 B
