2586 3972
173 245 239 309 212
597 245 766 296 -H-

173 415 249 492 θοι,
276 409 389 494 κρύφα
416 405 471 473 καὶ
495 408 559 473 σὺν
583 409 672 495 δόλῳ
695 405 798 472 αὐτὸν
820 405 968 489 ἀνελεῖν,
996 406 1028 469 εί
1054 401 1092 469 δέ
1118 405 1191 469 δια-

174 516 308 602 μαρτὼν
330 525 388 599 τῆς
410 517 524 596 πείρας
542 512 659 598 ἀτελὴς
677 522 737 579 τοῦ
757 514 856 599 ἔργον
876 510 1125 598 ἀναστρέψειεν,
1147 511 1193 587 ὡς

174 623 342 708 προδότην
369 623 562 708 παραδόντα
588 629 628 704 τῇ
655 617 731 705 περὶ
758 618 862 684 αὐτὸν
890 615 1018 707 ἑταιρίᾳ
1042 617 1193 684 ἀποκτεῖ-

138 734 242 798 4ναι·
263 729 344 814 ὅπερ
364 725 467 793 ἐποίει
486 729 570 809 τότε,
588 723 644 791 καὶ
664 725 863 810 συναγαγὼν
882 735 976 811 χεῖρα
995 723 1057 790 οὐκ
1074 725 1193 809 ὀλίγην

148 836 348 920 εκατηγόρει
375 842 435 898 τοῦ
463 831 586 918 ἀνδρὸς
618 833 727 915 ψευδῆ
760 834 1018 917 τεκμαιρόμενος
1049 829 1193 916 ἀληθέσι

173 939 228 1006 καὶ
257 941 298 1006 ού
325 941 530 1024 γενησόμενα
558 939 695 1018 εἰκάζων
722 937 968 1023 γεγενημένοις·
1003 936 1137 1004 ἐκέλευέ
1162 934 1189 1002 τ’

174 1044 385 1131 ἀποθέμενον
409 1045 512 1111 αὐτὸν
533 1046 595 1129 την
614 1042 720 1131 ἀρχὴν
739 1048 841 1128 λόγου
859 1042 993 1130 ὑπέχειν
1014 1053 1072 1128 της
1095 1061 1194 1131 στρα-

174 1156 298 1237 τηγίας.
343 1147 386 1236 ην
409 1146 446 1216 δὲ
469 1160 527 1235 τῆς
549 1152 780 1236 ὑπομενούσης
804 1160 958 1237 στρατιᾶς
980 1151 1017 1216 έν
1040 1162 1111 1228 ταῖς
1135 1153 1194 1216 πό-

175 1265 268 1325 λεσιν
295 1258 444 1342 ἡγεμών,
475 1258 520 1335 ὣς
545 1256 602 1323 καλ
627 1261 790 1345 πρότερον
813 1259 945 1343 εῖρηταί
971 1281 1044 1342 μοι,
1075 1257 1251 1344 κύριοςῖεει

136 1389 162 1428 10
174 1376 236 1432 τοῦ
257 1389 292 1431 τε
317 1374 519 1447 συναγαγεῖν
540 1362 716 1448 ἐκκλησίαν
738 1361 793 1429 καλ
816 1373 877 1429 τοῦ
899 1368 1026 1449 καλεῖν,
1049 1363 1090 1430 δν
1112 1366 1193 1449 βού-

176 1479 280 1556 λοιτο,
303 1468 357 1536 έπλ
380 1471 486 1554 δίκην.

242 1577 365 1644 LVIII.
399 1575 435 1639 Ὀ
464 1572 501 1641 δὲ
528 1577 682 1663 Μάρκιος
709 1575 894 1662 ἀντιλέγειν
927 1575 989 1662 μέν
1021 1579 1104 1663 πρὸς
1139 1577 1193 1643 οὐ-

177 1683 314 1770 δέτερον
341 1685 469 1749 τούτων
492 1682 657 1766 έδικαίου,
683 1681 760 1769 περὶ
788 1679 825 1748 δὲ
852 1693 909 1769 τῆς
936 1683 1058 1763 τάξεως
1082 1685 1193 1750 αὐτῶν

177 1786 347 1876 διεφέρετο
375 1792 478 1873 λόγον
505 1787 607 1867 ἀξιῶν
635 1789 821 1856 ἀποδοῦναι
852 1793 1016 1876 πρότερον
1042 1801 1111 1856 τῶν
1138 1813 1193 1856 πε·
1282 1815 1283 1850 ι

137 1920 162 1958 15
175 1893 375 1984 πραγμένων
397 1896 485 1985 αὐτῷ
498 1898 591 1963 Ικατά
613 1899 673 1963 τὸν
691 1899 848 1982 πόλεμον,
872 1894 986 1983 ἔπειτ’,
1009 1896 1068 1966 ἐὰν
1092 1899 1193 1963 ἀπασι
1282 1917 1283 1984 η

177 2003 257 2091 δόξη
283 2002 525 2088 Οὐολούσκοις,
551 2001 787 2086 ἀποθήσεσθαι
816 2003 877 2086 την
905 2001 1019 2089 ἀρχήν.
1065 2004 1192 2069 τούτων
1282 1987 1283 1994 ¹

177 2107 210 2174 δ’
238 2110 278 2176 ού
302 2114 382 2194 μίαν
405 2107 487 2198 ᾤετο
510 2113 609 2176 πόλιν
633 2111 716 2194 δεῖν,
741 2109 777 2176 έν
799 2102 821 2195 ᾖ
845 2111 882 2175 τὸ
905 2116 1022 2175 πλεῖον
1044 2109 1111 2176 ὑπὸ
1133 2118 1192 2176 τοῦ
1282 2151 1283 2154 =

181 2213 318 2281 Τύλλον
337 2215 523 2301 διέφθαρτο
552 2215 665 2301 μέρος,
695 2213 854 2299 γενέσθαι
881 2219 1017 2301 κυρίαν,
1045 2214 1129 2280 ἀλλά
1155 2217 1191 2281 τὸ

177 2323 279 2399 ἔθνος
301 2323 389 2387 ἀπαυ
412 2324 460 2399 εἰς
482 2323 543 2406 τὴν
567 2324 710 2406 ἔννομον
734 2321 861 2408 ἀγοράν
880 2320 1062 2408 συναχθέν,
1086 2324 1133 2400 είς
1150 2321 1191 2405 ἢν

137 2447 164 2487 εο
178 2429 259 2504 έθος
285 2423 328 2511 ἦν
355 2429 482 2511 αὐτοῖς,
511 2429 562 2494 ὅτι
589 2426 665 2515 περὶ
692 2439 759 2494 τῶν
782 2432 947 2513 μεγίστων
970 2431 1191 2514 βουλεύεσθαι

178 2532 347 2618 μέλλοιεν,
375 2534 408 2613 έξ
437 2535 565 2621 ἀπάσης
587 2538 715 2613 πόλεως
736 2537 948 2622 προβούλους
970 2527 1192 2602 ἀποστέλλειν.

143 2641 197 2708 2δ
226 2638 262 2706 δὲ
295 2642 422 2719 Τύλλος
448 2640 600 2726 ἀντέλεγε
627 2645 710 2726 πρὸς
736 2653 840 2710 ταῦτα
868 2648 976 2721 καλῶς
1003 2644 1115 2725 εῖδάς,
1142 2641 1191 2706 ὅτι

179 2749 289 2825 δεινὸς
315 2749 421 2812 εἰπεῖν
449 2746 533 2834 ἀνὴρ
560 2752 695 2814 πολλῶν
722 2746 777 2813 καὶ
808 2752 920 2814 καλῶν
952 2751 1060 2835 έργωυ
1092 2750 1191 2831 λόγον

178 2853 361 2931 ἀποδιδοὺς
392 2850 428 2918 έν
460 2854 646 2942 ἡγεμονικῷ
684 2853 842 2939 ἀξιώματι
873 2851 985 2940 μένων
1019 2857 1123 2920 πείσει
1154 2855 1189 2918 τὸ

140 2981 165 3022 ετ
178 2966 319 3046 πλῆθος,
340 2957 396 3025 καὶ
414 2962 575 3028 τοσούτου
600 2963 711 3046 δεήσει
733 2966 894 3047 τιμωρίαν
917 2962 1091 3048 προδοτῶν
1112 2961 1190 3026 ὑπο-

180 3080 287 3154 σχεῖν,
320 3069 402 3133 ὥστε
431 3066 486 3133 καὶ
509 3071 734 3155 λαμπρότερος
761 3071 809 3134 έτι
836 3067 892 3134 καὶ
920 3071 1112 3155 τιμιώτερος
1132 3062 1186 3132 ὑπ’

251 3231 268 3280 5
286 3227 380 3294 ψευδῆ
400 3224 464 3280 add.
478 3224 509 3278 in
527 3241 591 3295 mge
605 3223 655 3280 Ac
711 3232 727 3280 6
746 3224 981 3296 γενησομένοιςΟ
998 3221 1188 3296 γεγενημένοις

179 3296 225 3418 ν
243 3294 405 3437 νικας
421 3295 884 3438 δικακλκκικσε
897 3297 980 3422 λλ
994 3297 1187 3438 2σενα

179 3434 242 3504 ling
276 3439 279 3506 Ι
314 3434 396 3505 λόγον
416 3454 469 3493 om.
488 3438 535 3492 Βο
554 3456 639 3508 supra
657 3438 706 3492 lin.
727 3439 791 3496 add.
811 3439 868 3508 Bb,
887 3440 913 3492 R
1003 3446 1038 3494 24
1057 3437 1147 3510 μένειν
1164 3451 1185 3490 ο.

180 3505 297 3561 Βείελςε
358 3513 392 3562 25
411 3509 551 3586 προδότου
571 3527 593 3564 ο.
615 3509 737 3579 Sylburg
