2660 3976
529 251 697 299 —11-
1057 198 1119 313 199

114 409 234 491 φθόνος
266 407 303 472 ἐκ
329 418 397 472 τῶν
425 408 757 493 συμπολιτευομένων
785 411 907 487 άδικος.
958 408 1029 476 ἄλλ’
1061 410 1154 478 (λυ-6

113 516 298 599 θρωπίνως,
328 509 354 579 ὦ
381 515 530 601 Μάρκιε,
561 513 702 602 φέρουσι
729 515 784 582 καὶ
811 519 950 602 μετρίως
977 519 1119 596 ἅπαντες

115 623 144 686 οί
157 633 301 706 γενναῖοι
320 622 379 698 τὰς
397 623 582 709 συμφοράς,
600 621 655 688 καὶ
669 626 782 700 πόλεις
795 624 1118 708 μεταλαμβάνουσιν,

35 739 37 810 ξ
114 726 144 792 ἐν
172 719 222 806 αἷς
257 731 451 814 οἰκήσαντες
486 726 592 794 οὐδέν
627 733 814 815 λυπήσουσι
851 729 910 806 τὰς
945 731 1116 816 πατρίδας·

113 834 211 921 ὥσπερ
237 833 297 900 καὶ.
327 837 510 919 Ταρκύνιος
538 835 692 921 ἐποίησεν
720 837 738 904 ὁ
767 840 973 914 Κολλατῖνος
1006 836 1117 904 ίπικιι-
1143 859 1157 900 ε

114 943 274 1027 λούμενος·
300 943 431 1024 [ίκανὸν
450 943 487 1008 ἓν
505 943 713 1029 παράδειγμα
731 941 786 1008 καὶ
806 945 959 1026 οἰκεῖον]
983 944 1019 1022 ὃς
1038 962 1117 1012 συν-

113 1051 329 1136 ελευθερώσας
352 1048 415 1116 ἀπὸ
438 1060 505 1115 τῶν
528 1050 704 1136 τυράννων
726 1053 804 1129 τοὺς
827 1055 974 1136 πολίτας,
1005 1053 1116 1118 ἔπειτα

112 1153 294 1241 διαβληθεὶς
321 1158 404 1242 πρὸς
434 1156 556 1233 αὐτοὺς
586 1157 631 1234 ὡς
663 1157 884 1243 συμπράττων
915 1159 1016 1224 πάλιν
1047 1167 1117 1236 τοῖς

61 1263 276 1348 ιιικτνράννοις
298 1264 361 1346 τὴν
383 1263 546 1348 κάθοδον,
569 1261 625 1328 καὶ
649 1263 705 1328 διὰ
727 1273 826 1330 τοῦτο
850 1261 1040 1342 ἐξελασθεὶς
1058 1263 1116 1329 αὐ-

110 1370 157 1446 τὸς
177 1368 211 1434 ἐκ
232 1377 292 1454 τῆς
313 1370 482 1455 πατρίδος,
506 1368 567 1435 οὐκ
585 1369 797 1454 ἐμνησικάκει
816 1372 899 1456 πρὸς
916 1373 995 1446 τοὺς
1018 1368 1113 1454 ἐκβα-
1129 1392 1155 1432 ιο

109 1477 215 1553 λόντας
237 1475 353 1560 αὐτόν,
377 1471 451 1541 οὐδ’
478 1476 693 1562 ἐπεστράτευε
711 1485 751 1562 τῇ
773 1480 869 1544 πόλει
892 1479 970 1554 τοὺς
983 1475 1113 1562 ’τυράν-

108 1605 178 1658 νους
200 1581 417 1666 ἐπαγόμενος,
445 1579 518 1660 οὐδ’
547 1581 651 1648 ἐποίει
673 1585 832 1669 τεκμήρια
854 1593 922 1649 τῶν
945 1585 1114 1668 διαβολῶν

107 1688 141 1751 τά
167 1691 244 1774 ἔργα
251 1737 261 1772 ,
294 1681 366 1754 ἀλλ’
397 1691 445 1766 είς
476 1689 537 1772 την
569 1692 774 1775 μητρόπολιν
805 1689 900 1774 ἡμῶν
927 1693 1113 1756 Λαουΐνιον

35 1827 36 1848 ι
107 1792 253 1860 ἀπελθὼν
277 1793 346 1860 ἐκεῖ
369 1795 477 1862 πάντα
504 1797 564 1862 τὸν
591 1797 711 1862 λοιπὸν
734 1795 812 1880 έβίω
840 1799 964 1882 χρόνον
992 1797 1113 1873 εὔνους

35 1897 37 1966 ἕ
106 1900 148 1966 δν
168 1910 205 1988 τῇ
228 1903 364 1988 πατρίδι
386 1900 442 1968 καὶ
464 1906 571 1988 φίλος.
1078 1954 1080 1960 .
1127 1923 1154 1964 15

35 2055 36 2064 ι
136 2039 140 2048 ·
164 2007 199 2073 L.
226 2007 335 2074 Ἔστω
360 2005 389 2072 δ’
414 2003 475 2074 οὖν
494 2009 593 2094 ὅμως,
615 2006 671 2075 καὶ
690 2011 843 2076 δεδόσθω
862 2020 932 2086 τοῖς
953 2010 994 2074 τά
1017 2010 1112 2075 δεινδι

106 2121 241 2182 παθοῦσι
270 2116 314 2199 μη
344 2117 526 2202 διακρίνειν
554 2122 619 2182 εἴτε
646 2119 761 2202 φίλιον
783 2123 834 2202 είη
862 2119 900 2182 τὸ
927 2125 1036 2192 κακῶς
1058 2117 1112 2182 δε-

106 2220 215 2304 δρακὸς
237 2218 295 2287 εἴτ’
319 2221 507 2308 ἀλλότριον,
529 2220 601 2288 ἀλλ’
632 2228 709 2307 ἴσην
731 2224 815 2309 πρὸς
838 2223 983 2298 ἅπαντας
1006 2221 1111 2307 ὀργην

35 2315 37 2324 ’
106 2327 195 2411 ἔχειν·
222 2325 321 2394 ἔπειτ’
349 2329 410 2414 οὐχ
438 2329 552 2406 ίκιινδς
579 2328 791 2413 εἰσπέπραξαι
813 2329 902 2415 παρὰ
925 2339 992 2394 τῶν
1015 2327 1111 2413 ὑβρι-

104 2433 224 2502 σάντων
246 2452 283 2502 σε
309 2437 402 2512 δίκας
424 2444 488 2519 γῆν
506 2432 534 2500 τ’
556 2435 667 2502 αὐτῶν
685 2436 746 2518 τὴν
765 2434 903 2521 άρίστην
921 2435 1108 2520 πεποιηκὼς
1123 2455 1151 2496 εο

35 2531 37 2578 ί
104 2545 279 2627 μηλόβοτον
302 2539 358 2606 καὶ
384 2543 497 2619 πόλεις
525 2542 801 2627 διαπεπορθηκὼς
824 2543 1043 2627 συμμαχίδας,
1056 2541 1110 2618 -άς

35 2685 37 2730 g
103 2653 228 2728 πολλοῖς
258 2652 375 2725 πόνοις
406 2646 592 2734 κτησαμένη
624 2646 775 2734 κατέσχε,
812 2645 868 2714 καὶ
899 2651 1011 2733 τρίτον
1043 2649 1107 2732 ἤδη

35 2737 37 2830 ξ
103 2753 182 2820 ταῦτ’
210 2758 282 2833 ἔτος
309 2756 356 2833 είς
383 2757 510 2840 πολλὴν
538 2765 606 2820 τῶν
633 2754 825 2837 ἀναγκαίων
852 2755 1109 2832 κατακεκλεικὼς

103 2858 256 2948 (αὐτοὺς)
276 2862 433 2948 άπορίιιν;
453 2857 610 2928 ἀλλὰκαὶ
628 2864 742 2947 πόρρω
762 2861 1034 2947 ἀνδραποδισμοῦ
1052 2869 1110 2945 τῆς

51 2969 217 3046 Ιοιοπόλεως
243 2967 355 3034 αὐτῶν
381 2965 437 3033 καὶ
463 2976 674 3054 κατασκαφῆς
700 2969 762 3052 την
789 2968 1030 3053 ἀγριαίνουσαν
1052 2963 1107 3031 καὶ
1122 2984 1148 3025 2⁵

1213 1339 1234 1397 9

165 3166 179 3213 1
199 3161 297 3224 ἄδικος
315 3161 338 3214 Β
357 3161 463 3224 ἀδίκως
480 3159 506 3214 R
564 3167 581 3214 4
600 3164 718 3216 λυποῦσι
737 3177 759 3216 c.
778 3160 923 3228 Kiessling
985 3165 1001 3214 6
1019 3158 1107 3214 verba

101 3225 193 3286 ίκανδν
213 3230 246 3287 ἓν
270 3231 410 3303 καράδενχ
472 3231 522 3286 καὶ
548 3231 609 3302 (καὶ
631 3248 685 3288 om.
704 3231 738 3296 Β)
763 3230 868 3287 οίκεῖον
893 3233 915 3286 Ο
944 3229 997 3285 deL
1019 3229 1108 3286 Cobet

100 3296 160 3356 λετ.
177 3302 252 3358 Leot.
272 3323 299 3372 p.
315 3309 388 3367 8711
421 3323 434 3366 ς
452 3304 499 3358 Ba
517 3301 532 3358 δ
551 3302 630 3356 ABb
686 3308 701 3358 9
721 3297 883 3370 ἐξελασθεὶς
897 3302 943 3356 Ba
962 3297 1107 3368 ἐξελαθείς

100 3366 123 3420 R
191 3379 223 3429 14
242 3369 392 3448 έβί<ω>Β
452 3380 485 3427 22
505 3373 674 3444 κτησάμενοι
691 3373 827 3445 κατέσχον
846 3391 869 3428 ο.
890 3373 1012 3444 sylburg
1071 3379 1106 3428 24

101 3441 196 3507 αὐτοὺς
223 3447 287 3502 add.
307 3445 429 3500 Schenkl
451 3444 584 3499 Bursiani
610 3445 782 3500 Litterarum
805 3465 868 3501 ann.
887 3444 965 3502 brev.
986 3463 1013 3514 p.
1034 3450 1067 3500 39
1098 3446 1103 3518 l

101 3508 228 3588 *κόρρω]
247 3516 312 3588 περὶ
331 3516 354 3572 O
373 3515 453 3588 μέχρι
473 3515 574 3570 Reiske
593 3516 701 3572 correxi
1014 3542 1016 3545 ·
