2674 3978
537 233 700 281 -Z-
1084 231 1125 296 Τί

114 388 182 456 ἀλλ’
211 391 311 475 ὁμόσε
339 402 460 476 χωρεῖν
482 389 827 478 παρεσκευασμένους,
855 392 969 476 ἔπτηξε
997 391 1052 459 καὶ
1075 419 1128 479 μι-

112 499 193 583 κρὸν
212 496 390 583 ἀναλαβὼν
409 495 528 564 ἑαυτὸν
547 499 656 584 ὥσπερ
675 498 711 565 ἐκ
730 497 836 584 μέθης
854 497 909 564 καὶ
927 503 1046 584 μανίας
1062 499 1127 567 άπὸ

114 599 172 688 μέν
194 615 256 671 τοῦ
278 603 451 690 βιάζεσθαι
474 603 607 690 κατέβη,
630 603 683 670 ἐπὶ
706 605 743 671 τὸ
765 605 958 684 δικάζεσθαι
981 604 1011 670 δ’
1036 605 1128 691 ἐτρά-

57 726 203 780 ιεεεπετο·
236 709 292 777 καὶ
321 713 490 795 προειπὼν
517 710 644 798 ἡμέραν
671 713 776 797 ῥητήν
803 713 851 790 είς
882 713 987 797 αὑτήν
1019 711 1128 778 ἐκάλει

113 820 169 883 τὸν
191 819 302 904 ἄνδρα
325 818 369 895 ὡς
393 819 490 903 δίκην
511 817 689 904 ὑφέξοντα,
715 813 755 902 ής
777 819 876 897 αὐτὸς
898 821 1035 903 ἔμελλεν
1058 822 1128 885 ἐσε-
1155 839 1168 880 ε

114 930 192 990 σθαι
220 927 404 1010 κατήγορός
430 948 465 990 τε
493 923 548 990 καί
574 925 700 1011 μάρτυς
726 923 781 990 καὶ
809 926 965 1009 δικαστής
991 924 1129 993 καὶτοῦ

113 1029 279 1115 μεγέθους
305 1040 362 1115 τῆς
391 1036 548 1116 τιμωρίας
579 1033 704 1118 κύριος.
754 1031 867 1117 ἐπειδή
895 1028 934 1096 δέ
962 1031 1018 1098 καὶ
1047 1035 1165 1120 πρὸςδ

113 1135 199 1202 τοῦτ’
235 1135 386 1222 ἐνέστητε
416 1143 612 1224 νομίσαντες
647 1139 709 1205 οὑκ
739 1137 793 1204 ἐπὶ
823 1140 937 1223 δίκην,
970 1137 1042 1206 ἀλλ’
1076 1139 1130 1205 ἐπὶ
1177 1211 1179 1216 ,

112 1247 275 1330 τιμωρίαν
293 1249 468 1311 καλεῖσθαι
486 1248 545 1312 τὸν
564 1247 683 1329 άυδρα,
707 1245 796 1331 ὁρῶν
814 1245 860 1322 ὡς
877 1245 1016 1322 οὐδενὸς
1034 1245 1130 1312 αὐτο-

111 1351 241 1436 κράτωρ
273 1348 343 1417 ἐστὶ
371 1351 579 1439 πράγματος,
611 1349 681 1418 ἀλλ’
710 1349 759 1418 όσ’
788 1351 830 1418 άν
859 1351 953 1436 ὑμεῖς
985 1357 1129 1439 προβου-
1144 1373 1170 1412 ιο

113 1458 267 1542 λεὺσητε,
295 1456 388 1524 ταῦτ’
415 1457 612 1544 ἐπιψηφίσαι
640 1459 770 1545 κὺριος,
797 1469 856 1544 τῆς·
882 1457 910 1524 τ’
937 1459 1131 1544 αὐθαδείας,

26 1607 27 1664 3
112 1557 149 1645 ής
164 1567 275 1642 πολὺς
294 1566 385 1630 ἐπνει
403 1567 488 1650 τότε,
504 1564 637 1649 ὑφεῖται
656 1562 734 1629 νυνὶ
753 1562 807 1629 καὶ
822 1565 1023 1649 δεησόμενος
1035 1565 1131 1649 ὑμῶν

113 1671 183 1754 ήκει
201 1679 418 1757 συγχωρήσαι
431 1668 487 1736 καὶ
507 1673 631 1755 ταύτην
646 1671 735 1758 αὐτῷ
749 1671 811 1754 τήν
824 1671 931 1758 χάριν.
964 1672 1131 1757 ἐνθυμού-
1144 1675 1167 1739 4

114 1799 208 1860 μενοι
222 1778 267 1859 δή
277 1775 369 1844 ταῦτ’
382 1783 544 1843 αἴσθεσθε
558 1780 622 1863 ήδη
636 1774 717 1843 ποτέ
730 1775 785 1842 καί
800 1778 934 1863 μάθετε,
949 1778 999 1843 ὅτι
1012 1777 1131 1863 πάνθ’,

114 1883 174 1949 ὅσα
201 1881 267 1968 μέν
294 1883 498 1970 εὐηθέστερα
525 1884 787 1969 βουλευσάμενοι
815 1889 942 1967 μᾶλλον
971 1883 1132 1969 ήφρονι-
1147 1903 1172 1944 ιε

114 1991 244 2077 μάτερα
270 1990 481 2077 ἐχαρίσασθε,
503 1991 593 2079 αὑτῷ
617 1991 791 2077 συμφοράς
813 1990 894 2076 ὑμῖν
917 1989 1054 2076 ἐνήνοχε
1077 1989 1132 2056 καὶ

115 2097 251 2182 βλάβας,
276 2097 338 2162 ὅσα
361 2093 399 2162 δέ
421 2099 502 2183 μετὰ
524 2107 585 2164 τοὺ
603 2100 761 2181 γενναίου
780 2097 915 2174 στάντες
937 2109 1007 2174 τοῖς
1028 2118 1133 2184 παρα-

114 2206 230 2288 νόμοις
255 2202 437 2270 αὑτοῦκαὶ
459 2208 582 2288 βιαίοις
599 2205 840 2288 ἠναντιώθητε,
863 2199 960 2269 ταῦθ’
982 2202 1064 2287 ὑμῖν
1087 2205 1134 2282 είς

115 2306 191 2375 δέον
206 2308 374 2394 ἐκβέβηκε.
403 2313 438 2375 τί
454 2305 517 2376 οὑν
530 2310 612 2394 ὑμῖν
626 2307 855 2394 ἐπισταμένοις
867 2320 969 2376 ταῦτα
982 2322 1132 2397 παραινῶ
1147 2313 1169 2379 5

115 2415 355 2501 πράττεινκαὶ
381 2420 456 2482 τίνα
483 2418 620 2502 γνώμην
647 2413 731 2502 ὑπὲρ
760 2425 826 2481 τῶν
856 2419 1031 2502 παρόντων
1053 2417 1133 2485 ἀπο·
1148 2436 1174 2477 εο

58 2527 294 2608 1427φαίνομαι;
322 2523 384 2589 ὅσα
411 2519 473 2608 μέν
501 2522 700 2609 ἐχαρίσασθε
728 2521 783 2588 καὶ
811 2524 1060 2608 συνεχωρήσατε
1087 2533 1133 2610 τῷ

117 2630 208 2721 δήμφ
237 2631 302 2714 τήν
329 2631 456 2716 ἔχθραν
478 2631 751 2713 διαλλαττόμενοι
774 2630 987 2712 ὁπωσδήποτε
1010 2629 1135 2714 φυλάτ-

116 2759 183 2800 τειν
213 2737 333 2821 κύρια,
362 2735 417 2802 καὶ
447 2737 492 2820 μή
523 2737 616 2800 λύειν
646 2746 713 2801 τῶν
744 2738 816 2800 τότε
849 2733 1135 2821 συγχωρηθέντων

117 2841 242 2926 μηθέν,
271 2841 333 2926 οὐχ
361 2842 405 2918 ὡς
432 2847 543 2907 καλῶν
571 2839 626 2906 καὶ
653 2850 711 2925 τῆς
740 2845 867 2916 πόλεως
888 2839 990 2918 ἀξίων
1014 2842 1134 2905 όντων·

117 2937 224 3013 πόθεν
248 2947 329 3033 γάρ,
353 2945 425 3014 ἀλλ’
452 2949 497 3025 ὡς
520 2947 708 3031 ἀναγκαίων
731 2945 786 3012 καὶ
809 2944 923 3030 μηκέτι
946 2943 1136 3031 δεχομένων
1149 2966 1175 3007 τε

119 3055 319 3141 διόρθωσιν·
340 3055 401 3119 ὅσα
420 3051 450 3118 δ’
468 3054 511 3119 δυ
530 3054 591 3132 ἔξω
610 3055 729 3120 τούτου
748 3055 941 3138 βιαζόμενος
957 3051 1013 3118 καὶ
1031 3074 1135 3138 παρα-

119 3173 232 3244 νομῶν
261 3159 412 3226 ἀκόντων
439 3162 535 3246 ὑμῶν
563 3159 708 3246 ἐπιχειρῇ
737 3160 919 3244 λαμβάνειν
948 3162 1029 3244 μήτε
1057 3177 1136 3244 συγ-

187 3358 204 3406 5
224 3353 312 3414 αὑτὸς
331 3369 384 3410 om.
403 3353 426 3405 B
446 3352 461 3406 δ
480 3353 564 3414 αὑτὸς
582 3369 604 3406 c.
624 3351 769 3421 Kiessling
828 3358 845 3407 8
864 3350 1013 3421 ἀντέστητε
1033 3355 1056 3406 Α
1076 3347 1137 3409 ἐνέ-

121 3439 198 3492 στητε
217 3423 261 3487 Β1
320 3427 353 3477 10
372 3423 440 3478 ὅταν
459 3423 482 3478 0
502 3421 545 3478 ὑπ’
566 3421 603 3477 διν
623 3423 745 3492 Sylburg
819 3429 851 3477 12
870 3417 904 3490 ἧς
922 3424 1137 3494 οω.Β1το.τε

121 3490 342 3564 ΒΙὺφ’ήτεΒ
390 3501 423 3548 13
438 3492 645 3569 <ή>κ<ει>Βὺ
694 3501 727 3548 16
741 3493 841 3565 ὴμῖνΒ
892 3493 1137 3550 27ἀκόν..τωνΒ
