<?xml version="1.0" encoding="UTF-8"?>
<!DOCTYPE html PUBLIC "-//W3C//DTD XHTML 1.0 Transitional//EN"
    "http://www.w3.org/TR/xhtml1/DTD/xhtml1-transitional.dtd">
<html xmlns="http://www.w3.org/1999/xhtml" xml:lang="en" lang="en">
 <head>
  <title>
</title>
<meta http-equiv="Content-Type" content="text/html;charset=utf-8" />
  <meta name='ocr-system' content='tesseract 3.04.00' />
  <meta name='ocr-capabilities' content='ocr_page ocr_carea ocr_par ocr_line ocrx_word'/>
</head>
<body>
  <div class='ocr_page' id='page_1' title='image "./dionysihalicarn00unkngoog/dionysihalicarn00unkngoog_0101.png"; bbox 0 0 2674 3978; ppageno 0'>
   <div class='ocr_carea' id='block_1_1' title="bbox 560 279 1146 343">
    <p class='ocr_par' dir='ltr' id='par_1_1' title="bbox 560 279 1146 343">
     <span class='ocr_line' id='line_1_1' title="bbox 560 279 1146 343; baseline 0.002 -1"><span class='ocrx_word' id='word_1_1' title='bbox 560 281 721 329; x_wconf 81' lang='grc' dir='ltr'><em>-Ζ-</em></span> <span class='ocrx_word' id='word_1_2' title='bbox 1104 279 1146 343; x_wconf 88' lang='grc'><em>89</em></span> 
     </span>
    </p>
   </div>
   <div class='ocr_carea' id='block_1_2' title="bbox 17 436 1306 3291">
    <p class='ocr_par' dir='ltr' id='par_1_2' title="bbox 62 436 1188 1269">
     <span class='ocr_line' id='line_1_2' title="bbox 131 436 1148 527; baseline 0.005 -25"><span class='ocrx_word' id='word_1_3' title='bbox 131 437 256 522; x_wconf 84' lang='grc' dir='ltr'><em>γνώμη.</em></span> <span class='ocrx_word' id='word_1_4' title='bbox 303 436 358 503; x_wconf 81' lang='grc' dir='ltr'><em>καὶ</em></span> <span class='ocrx_word' id='word_1_5' title='bbox 386 437 499 523; x_wconf 80' lang='grc' dir='ltr'><em>ἐπειδὴ</em></span> <span class='ocrx_word' id='word_1_6' title='bbox 528 441 565 505; x_wconf 92' lang='grc' dir='ltr'><em>τὸ</em></span> <span class='ocrx_word' id='word_1_7' title='bbox 593 441 827 525; x_wconf 78' lang='grc' dir='ltr'><strong><em>προβούλευμα</em></strong></span> <span class='ocrx_word' id='word_1_8' title='bbox 855 442 922 505; x_wconf 75' lang='grc' dir='ltr'><em>ἔδει</em></span> <span class='ocrx_word' id='word_1_9' title='bbox 946 441 1148 527; x_wconf 73' lang='grc' dir='ltr'><em>γράφεσθαι,</em></span> 
     </span>
     <span class='ocr_line' id='line_1_3' title="bbox 129 537 1147 637; baseline 0.003 -28"><span class='ocrx_word' id='word_1_10' title='bbox 129 547 232 627; x_wconf 90' lang='grc' dir='ltr'><em>λόγον</em></span> <span class='ocrx_word' id='word_1_11' title='bbox 266 545 483 637; x_wconf 89' lang='grc' dir='ltr'><em>αἰτησάμενος</em></span> <span class='ocrx_word' id='word_1_12' title='bbox 516 545 534 610; x_wconf 86' lang='grc' dir='ltr'>ὁ</span> <span class='ocrx_word' id='word_1_13' title='bbox 567 545 721 631; x_wconf 88' lang='grc' dir='ltr'><em>Μάρκιος</em></span> <span class='ocrx_word' id='word_1_14' title='bbox 752 542 856 612; x_wconf 81' lang='grc' dir='ltr'><em>εἶπεν·</em></span> <span class='ocrx_word' id='word_1_15' title='bbox 901 537 981 623; x_wconf 82' lang='grc' dir='ltr'><em>Οἰος</em></span> <span class='ocrx_word' id='word_1_16' title='bbox 1012 545 1089 632; x_wconf 84' lang='grc' dir='ltr'><em>μέν,</em></span> <span class='ocrx_word' id='word_1_17' title='bbox 1121 543 1147 612; x_wconf 84' lang='grc' dir='ltr'>ὦ</span> 
     </span>
     <span class='ocr_line' id='line_1_4' title="bbox 129 650 1148 738; baseline 0.003 -22"><span class='ocrx_word' id='word_1_18' title='bbox 129 654 252 736; x_wconf 79' lang='grc' dir='ltr'><em>βουλη,</em></span> <span class='ocrx_word' id='word_1_19' title='bbox 284 653 366 736; x_wconf 83' lang='grc' dir='ltr'><em>πρὸς</em></span> <span class='ocrx_word' id='word_1_20' title='bbox 395 652 435 717; x_wconf 83' lang='grc' dir='ltr'><em>τά</em></span> <span class='ocrx_word' id='word_1_21' title='bbox 461 652 559 717; x_wconf 87' lang='grc' dir='ltr'><em>κοινά</em></span> <span class='ocrx_word' id='word_1_22' title='bbox 587 650 651 736; x_wconf 82' lang='grc' dir='ltr'><em>ἐγὼ</em></span> <span class='ocrx_word' id='word_1_23' title='bbox 679 650 816 735; x_wconf 78' lang='grc' dir='ltr'><em>γέγονα,</em></span> <span class='ocrx_word' id='word_1_24' title='bbox 848 650 903 717; x_wconf 81' lang='grc' dir='ltr'><em>καὶ</em></span> <span class='ocrx_word' id='word_1_25' title='bbox 932 653 976 729; x_wconf 81' lang='grc' dir='ltr'><em>ὡς</em></span> <span class='ocrx_word' id='word_1_26' title='bbox 1004 655 1060 718; x_wconf 85' lang='grc' dir='ltr'><em>διδ</em></span> <span class='ocrx_word' id='word_1_27' title='bbox 1086 656 1148 738; x_wconf 82' lang='grc' dir='ltr'><em>τὴν</em></span> 
     </span>
     <span class='ocr_line' id='line_1_5' title="bbox 62 758 1149 844; baseline 0.003 -22"><span class='ocrx_word' id='word_1_28' title='bbox 62 760 213 843; x_wconf 73' lang='grc' dir='ltr'><em>ιεοοττρὸς</em></span> <span class='ocrx_word' id='word_1_29' title='bbox 236 758 327 842; x_wconf 80' lang='grc' dir='ltr'><em>’ὑμᾶς</em></span> <span class='ocrx_word' id='word_1_30' title='bbox 349 759 486 824; x_wconf 79' lang='grc' dir='ltr'><em>εὔνοιαν</em></span> <span class='ocrx_word' id='word_1_31' title='bbox 509 760 557 834; x_wconf 86' lang='grc' dir='ltr'><em>εἰς</em></span> <span class='ocrx_word' id='word_1_32' title='bbox 577 766 699 824; x_wconf 83' lang='grc' dir='ltr'><em>τοῦτον</em></span> <span class='ocrx_word' id='word_1_33' title='bbox 721 761 781 825; x_wconf 88' lang='grc' dir='ltr'><em>τὸν</em></span> <span class='ocrx_word' id='word_1_34' title='bbox 803 761 965 825; x_wconf 88' lang='grc' dir='ltr'><em>κίνδυνον</em></span> <span class='ocrx_word' id='word_1_35' title='bbox 989 758 1149 844; x_wconf 77' lang='grc' dir='ltr'><strong><em>ἐλήλυθα,</em></strong></span> 
     </span>
     <span class='ocr_line' id='line_1_6' title="bbox 129 859 1188 952; baseline 0.002 -22"><span class='ocrx_word' id='word_1_36' title='bbox 129 859 184 930; x_wconf 80' lang='grc' dir='ltr'><em>καὶ</em></span> <span class='ocrx_word' id='word_1_37' title='bbox 213 865 265 931; x_wconf 86' lang='grc' dir='ltr'><em>ὅτι</em></span> <span class='ocrx_word' id='word_1_38' title='bbox 293 865 382 952; x_wconf 87' lang='grc' dir='ltr'><em>τιαρδι</em></span> <span class='ocrx_word' id='word_1_39' title='bbox 409 865 548 949; x_wconf 79' lang='grc' dir='ltr'><em>γνώμην</em></span> <span class='ocrx_word' id='word_1_40' title='bbox 576 863 762 949; x_wconf 77' lang='grc' dir='ltr'><em>ἀπήντηταί</em></span> <span class='ocrx_word' id='word_1_41' title='bbox 786 890 842 949; x_wconf 92' lang='grc' dir='ltr'><em>μοι</em></span> <span class='ocrx_word' id='word_1_42' title='bbox 871 866 910 932; x_wconf 87' lang='grc' dir='ltr'><em>τδ</em></span> <span class='ocrx_word' id='word_1_43' title='bbox 938 863 1014 952; x_wconf 79' lang='grc' dir='ltr'><strong><em>παρ’</em></strong></span> <span class='ocrx_word' id='word_1_44' title='bbox 1041 866 1148 952; x_wconf 83' lang='grc' dir='ltr'><em>ὑμῶν,</em></span> <span class='ocrx_word' id='word_1_45' title='bbox 1175 891 1188 932; x_wconf 80' lang='grc' dir='ltr'><em>ε</em></span> 
     </span>
     <span class='ocr_line' id='line_1_7' title="bbox 130 969 1148 1058; baseline 0.004 -22"><span class='ocrx_word' id='word_1_46' title='bbox 130 971 273 1048; x_wconf 76' lang='grc' dir='ltr'><em>ἅπαντες</em></span> <span class='ocrx_word' id='word_1_47' title='bbox 297 978 363 1038; x_wconf 87' lang='grc' dir='ltr'><em>ίστε</em></span> <span class='ocrx_word' id='word_1_48' title='bbox 387 969 442 1037; x_wconf 86' lang='grc' dir='ltr'><em>καί</em></span> <span class='ocrx_word' id='word_1_49' title='bbox 466 973 513 1037; x_wconf 82' lang='grc' dir='ltr'><em>ἔτι</em></span> <span class='ocrx_word' id='word_1_50' title='bbox 532 975 660 1056; x_wconf 84' lang='grc' dir='ltr'><em>μᾶλλον</em></span> <span class='ocrx_word' id='word_1_51' title='bbox 679 978 821 1056; x_wconf 73' lang='grc' dir='ltr'><em>εἴσεσθε,</em></span> <span class='ocrx_word' id='word_1_52' title='bbox 845 972 926 1039; x_wconf 83' lang='grc' dir='ltr'><em>ὅταν</em></span> <span class='ocrx_word' id='word_1_53' title='bbox 944 975 984 1040; x_wconf 90' lang='grc' dir='ltr'><em>τδι</em></span> <span class='ocrx_word' id='word_1_54' title='bbox 1003 971 1071 1039; x_wconf 90' lang='grc' dir='ltr'><em>κατ’</em></span> <span class='ocrx_word' id='word_1_55' title='bbox 1091 971 1148 1058; x_wconf 75' lang='grc' dir='ltr'><em>ἐμὲ</em></span> 
     </span>
     <span class='ocr_line' id='line_1_8' title="bbox 131 1074 1184 1168; baseline 0.008 -26"><span class='ocrx_word' id='word_1_56' title='bbox 131 1086 192 1162; x_wconf 75' lang='grc' dir='ltr'><em>σχῇ</em></span> <span class='ocrx_word' id='word_1_57' title='bbox 223 1075 326 1154; x_wconf 90' lang='grc' dir='ltr'><em>τέλος.</em></span> <span class='ocrx_word' id='word_1_58' title='bbox 377 1075 446 1142; x_wconf 75' lang='grc' dir='ltr'><em>ἐκεῖ</em></span> <span class='ocrx_word' id='word_1_59' title='bbox 473 1074 504 1142; x_wconf 89' lang='grc' dir='ltr'><em>δ’</em></span> <span class='ocrx_word' id='word_1_60' title='bbox 534 1077 554 1160; x_wconf 83' lang='grc' dir='ltr'><em>ὑ</em></span> <span class='ocrx_word' id='word_1_61' title='bbox 585 1077 772 1164; x_wconf 78' lang='grc' dir='ltr'><strong><em>Οὐαλερίου</em></strong></span> <span class='ocrx_word' id='word_1_62' title='bbox 800 1081 915 1164; x_wconf 82' lang='grc' dir='ltr'><em>γνώμη</em></span> <span class='ocrx_word' id='word_1_63' title='bbox 943 1091 1036 1168; x_wconf 77' lang='grc' dir='ltr'><em>νικᾷ,</em></span> <span class='ocrx_word' id='word_1_64' title='bbox 1069 1087 1184 1153; x_wconf 78' lang='grc' dir='ltr'><em>συν-2</em></span> 
     </span>
     <span class='ocr_line' id='line_1_9' title="bbox 130 1180 1149 1269; baseline 0.006 -21"><span class='ocrx_word' id='word_1_65' title='bbox 130 1182 276 1266; x_wconf 87' lang='grc' dir='ltr'><em>ευέγκειε</em></span> <span class='ocrx_word' id='word_1_66' title='bbox 300 1180 362 1268; x_wconf 73' lang='grc' dir='ltr'><em>μὲν</em></span> <span class='ocrx_word' id='word_1_67' title='bbox 384 1193 488 1250; x_wconf 82' lang='grc' dir='ltr'><em>ταῦτα</em></span> <span class='ocrx_word' id='word_1_68' title='bbox 511 1183 608 1268; x_wconf 89' lang='grc' dir='ltr'><em>ὑμῖν,</em></span> <span class='ocrx_word' id='word_1_69' title='bbox 635 1182 690 1249; x_wconf 82' lang='grc' dir='ltr'><em>καὶ</em></span> <span class='ocrx_word' id='word_1_70' title='bbox 713 1189 872 1269; x_wconf 81' lang='grc' dir='ltr'><em>γενοίμην</em></span> <span class='ocrx_word' id='word_1_71' title='bbox 895 1184 959 1269; x_wconf 78' lang='grc' dir='ltr'><em>ἐγὼ</em></span> <span class='ocrx_word' id='word_1_72' title='bbox 983 1190 1082 1264; x_wconf 85' lang='grc' dir='ltr'><em>κακὸς</em></span> <span class='ocrx_word' id='word_1_73' title='bbox 1104 1191 1149 1253; x_wconf 88' lang='grc' dir='ltr'><em>εί-</em></span> 
     </span>
    </p>

    <p class='ocr_par' dir='ltr' id='par_1_3' title="bbox 17 1287 1306 1908">
     <span class='ocr_line' id='line_1_10' title="bbox 17 1287 1149 1380; baseline 0.004 -24"><span class='ocrx_word' id='word_1_74' title='bbox 17 1309 19 1328; x_wconf 34' lang='lat'>}</span> <span class='ocrx_word' id='word_1_75' title='bbox 131 1291 255 1374; x_wconf 79' lang='grc' dir='ltr'><em>καστὴς</em></span> <span class='ocrx_word' id='word_1_76' title='bbox 281 1301 348 1356; x_wconf 83' lang='grc' dir='ltr'><em>τῶν</em></span> <span class='ocrx_word' id='word_1_77' title='bbox 376 1288 554 1376; x_wconf 78' lang='grc' dir='ltr'><em>ἐσομένων.</em></span> <span class='ocrx_word' id='word_1_78' title='bbox 600 1291 656 1355; x_wconf 81' lang='grc' dir='ltr'><em>ἵνα</em></span> <span class='ocrx_word' id='word_1_79' title='bbox 684 1287 721 1356; x_wconf 70' lang='grc' dir='ltr'><em>δὲ</em></span> <span class='ocrx_word' id='word_1_80' title='bbox 748 1289 804 1356; x_wconf 86' lang='grc' dir='ltr'><em>καλ</em></span> <span class='ocrx_word' id='word_1_81' title='bbox 830 1292 926 1376; x_wconf 89' lang='grc' dir='ltr'><em>ὑμεῖς</em></span> <span class='ocrx_word' id='word_1_82' title='bbox 953 1294 989 1358; x_wconf 88' lang='grc' dir='ltr'><em>οί</em></span> <span class='ocrx_word' id='word_1_83' title='bbox 1007 1296 1045 1374; x_wconf 80' lang='grc' dir='ltr'><em>τὸ</em></span> <span class='ocrx_word' id='word_1_84' title='bbox 1068 1314 1149 1380; x_wconf 83' lang='grc' dir='ltr'><em>τρο-</em></span> 
     </span>
     <span class='ocr_line' id='line_1_11' title="bbox 130 1389 1190 1488; baseline 0.001 -26"><span class='ocrx_word' id='word_1_85' title='bbox 130 1398 302 1481; x_wconf 82' lang='grc' dir='ltr'><strong><em>βούλευμα</em></strong></span> <span class='ocrx_word' id='word_1_86' title='bbox 324 1396 509 1483; x_wconf 77' lang='grc' dir='ltr'><em>γράφοντες</em></span> <span class='ocrx_word' id='word_1_87' title='bbox 531 1399 638 1482; x_wconf 78' lang='grc' dir='ltr'><em>εἰδητε</em></span> <span class='ocrx_word' id='word_1_88' title='bbox 663 1393 714 1482; x_wconf 89' lang='grc' dir='ltr'><em>έφ’</em></span> <span class='ocrx_word' id='word_1_89' title='bbox 736 1389 787 1475; x_wconf 82' lang='grc' dir='ltr'><em>οἷς</em></span> <span class='ocrx_word' id='word_1_90' title='bbox 804 1399 1026 1483; x_wconf 74' lang='grc' dir='ltr'><strong><em>παραδιδόναι</em></strong></span> <span class='ocrx_word' id='word_1_91' title='bbox 1045 1423 1084 1484; x_wconf 88' lang='grc' dir='ltr'><em>με</em></span> <span class='ocrx_word' id='word_1_92' title='bbox 1103 1410 1148 1488; x_wconf 77' lang='grc' dir='ltr'><em>τςδ</em></span> <span class='ocrx_word' id='word_1_93' title='bbox 1164 1424 1190 1463; x_wconf 88' lang='lat'><em>10</em></span> 
     </span>
     <span class='ocr_line' id='line_1_12' title="bbox 131 1501 1149 1592; baseline 0.003 -24"><span class='ocrx_word' id='word_1_94' title='bbox 131 1505 227 1592; x_wconf 81' lang='grc' dir='ltr'><em>δήμφ</em></span> <span class='ocrx_word' id='word_1_95' title='bbox 246 1501 391 1588; x_wconf 80' lang='grc' dir='ltr'><em>μέλλετε,</em></span> <span class='ocrx_word' id='word_1_96' title='bbox 414 1503 504 1587; x_wconf 85' lang='grc' dir='ltr'><em>κάγὼ</em></span> <span class='ocrx_word' id='word_1_97' title='bbox 523 1505 567 1588; x_wconf 82' lang='grc' dir='ltr'><em>μη</em></span> <span class='ocrx_word' id='word_1_98' title='bbox 588 1502 710 1587; x_wconf 76' lang='grc' dir='ltr'><em>ἀγνοῶ,</em></span> <span class='ocrx_word' id='word_1_99' title='bbox 731 1503 808 1590; x_wconf 84' lang='grc' dir='ltr'><em>τιερλ</em></span> <span class='ocrx_word' id='word_1_100' title='bbox 826 1508 917 1582; x_wconf 91' lang='grc' dir='ltr'><em>τίνος</em></span> <span class='ocrx_word' id='word_1_101' title='bbox 927 1503 1149 1591; x_wconf 78' lang='grc' dir='ltr'><em>ἀγωνιοῦμαι,</em></span> 
     </span>
     <span class='ocr_line' id='line_1_13' title="bbox 130 1609 1149 1696; baseline 0.001 -21"><span class='ocrx_word' id='word_1_102' title='bbox 130 1611 306 1676; x_wconf 78' lang='grc' dir='ltr'><em>κελεύσατε</em></span> <span class='ocrx_word' id='word_1_103' title='bbox 337 1610 378 1693; x_wconf 81' lang='grc' dir='ltr'><em>δη</em></span> <span class='ocrx_word' id='word_1_104' title='bbox 408 1611 487 1686; x_wconf 86' lang='grc' dir='ltr'><em>τοὺς</em></span> <span class='ocrx_word' id='word_1_105' title='bbox 514 1609 703 1695; x_wconf 75' lang='grc' dir='ltr'><em>δημάρχους</em></span> <span class='ocrx_word' id='word_1_106' title='bbox 729 1612 834 1674; x_wconf 82' lang='grc' dir='ltr'><em>εἰπεῖν</em></span> <span class='ocrx_word' id='word_1_107' title='bbox 862 1609 1016 1676; x_wconf 80' lang='grc' dir='ltr'><em>ἐναντίον</em></span> <span class='ocrx_word' id='word_1_108' title='bbox 1043 1611 1149 1696; x_wconf 85' lang='grc' dir='ltr'><em>ὑμῶν,</em></span> 
     </span>
     <span class='ocr_line' id='line_1_14' title="bbox 131 1711 1149 1803; baseline 0.001 -21"><span class='ocrx_word' id='word_1_109' title='bbox 131 1721 165 1782; x_wconf 92' lang='grc' dir='ltr'><em>τί</em></span> <span class='ocrx_word' id='word_1_110' title='bbox 185 1718 223 1782; x_wconf 87' lang='grc' dir='ltr'><em>τὸ</em></span> <span class='ocrx_word' id='word_1_111' title='bbox 247 1715 392 1800; x_wconf 82' lang='grc' dir='ltr'><em>ἀδίκημά</em></span> <span class='ocrx_word' id='word_1_112' title='bbox 415 1714 517 1798; x_wconf 88' lang='grc' dir='ltr'><em>έστιν,</em></span> <span class='ocrx_word' id='word_1_113' title='bbox 540 1713 591 1800; x_wconf 78' lang='grc' dir='ltr'><em>ἐφ’</em></span> <span class='ocrx_word' id='word_1_114' title='bbox 615 1739 657 1781; x_wconf 91' lang='grc' dir='ltr'><em>ου</em></span> <span class='ocrx_word' id='word_1_115' title='bbox 641 1711 841 1800; x_wconf 89' lang='grc' dir='ltr'><em>μέλλουσί</em></span> <span class='ocrx_word' id='word_1_116' title='bbox 857 1740 924 1801; x_wconf 91' lang='grc' dir='ltr'><em>μου</em></span> <span class='ocrx_word' id='word_1_117' title='bbox 942 1729 1149 1803; x_wconf 82' lang='grc' dir='ltr'><em>κατηγορεῖν,</em></span> 
     </span>
     <span class='ocr_line' id='line_1_15' title="bbox 131 1820 1306 1909; baseline 0.003 -21"><span class='ocrx_word' id='word_1_118' title='bbox 131 1821 186 1888; x_wconf 83' lang='grc' dir='ltr'><em>καὶ</em></span> <span class='ocrx_word' id='word_1_119' title='bbox 208 1824 359 1888; x_wconf 77' lang='grc' dir='ltr'><em>ποταπὸν</em></span> <span class='ocrx_word' id='word_1_120' title='bbox 383 1823 488 1906; x_wconf 73' lang='grc' dir='ltr'><em>ὄνομα</em></span> <span class='ocrx_word' id='word_1_121' title='bbox 512 1820 733 1905; x_wconf 77' lang='grc' dir='ltr'><em>ἐπιγράψουσι</em></span> <span class='ocrx_word' id='word_1_122' title='bbox 755 1831 795 1908; x_wconf 77' lang='grc' dir='ltr'><em>τῇ</em></span> <span class='ocrx_word' id='word_1_123' title='bbox 819 1823 904 1909; x_wconf 88' lang='grc' dir='ltr'><em>δίκη.</em></span> <span class='ocrx_word' id='word_1_124' title='bbox 1305 1889 1306 1892; x_wconf 74' lang='grc'><em>,</em></span> 
     </span>
    </p>

    <p class='ocr_par' dir='ltr' id='par_1_4' title="bbox 119 1925 1190 2231">
     <span class='ocr_line' id='line_1_16' title="bbox 197 1925 1190 2014; baseline 0.003 -21"><span class='ocrx_word' id='word_1_125' title='bbox 197 1928 321 1994; x_wconf 89' lang='lat' dir='ltr'>LVIII.</span> <span class='ocrx_word' id='word_1_126' title='bbox 352 1926 388 1992; x_wconf 89' lang='grc' dir='ltr'><strong><em>Ὁ</em></strong></span> <span class='ocrx_word' id='word_1_127' title='bbox 412 1925 473 2014; x_wconf 72' lang='grc' dir='ltr'><em>μὲν</em></span> <span class='ocrx_word' id='word_1_128' title='bbox 496 1929 538 2013; x_wconf 83' lang='grc' dir='ltr'><em>δη</em></span> <span class='ocrx_word' id='word_1_129' title='bbox 561 1925 653 1994; x_wconf 85' lang='grc' dir='ltr'><em>ταῦτ’</em></span> <span class='ocrx_word' id='word_1_130' title='bbox 679 1932 769 2013; x_wconf 81' lang='grc' dir='ltr'><em>ἔλεγε</em></span> <span class='ocrx_word' id='word_1_131' title='bbox 794 1931 904 1996; x_wconf 80' lang='grc' dir='ltr'><em>δοκῶν</em></span> <span class='ocrx_word' id='word_1_132' title='bbox 928 1928 981 1996; x_wconf 78' lang='grc' dir='ltr'><em>ἔτί</em></span> <span class='ocrx_word' id='word_1_133' title='bbox 1004 1941 1072 2007; x_wconf 89' lang='grc' dir='ltr'><em>τοῖς</em></span> <span class='ocrx_word' id='word_1_134' title='bbox 1095 1934 1150 1997; x_wconf 87' lang='grc' dir='ltr'><em>λό-</em></span> <span class='ocrx_word' id='word_1_135' title='bbox 1164 1955 1190 1996; x_wconf 81' lang='grc' dir='ltr'><em>ιι</em></span> 
     </span>
     <span class='ocr_line' id='line_1_17' title="bbox 119 2027 1150 2123; baseline 0.002 -22"><span class='ocrx_word' id='word_1_136' title='bbox 119 2060 267 2120; x_wconf 78' lang='grc' dir='ltr'><em>-γοις,ο</em></span> <span class='ocrx_word' id='word_1_137' title='bbox 248 2027 354 2114; x_wconf 91' lang='grc' dir='ltr'><em>οἷς</em></span> <span class='ocrx_word' id='word_1_138' title='bbox 323 2057 415 2102; x_wconf 81' lang='grc' dir='ltr'><em>εικεν</em></span> <span class='ocrx_word' id='word_1_139' title='bbox 438 2035 475 2102; x_wconf 94' lang='grc' dir='ltr'><em>έν</em></span> <span class='ocrx_word' id='word_1_140' title='bbox 499 2059 538 2122; x_wconf 83' lang='grc' dir='ltr'><em>τη</em></span> <span class='ocrx_word' id='word_1_141' title='bbox 562 2039 684 2122; x_wconf 83' lang='grc' dir='ltr'><em>βουλη,</em></span> <span class='ocrx_word' id='word_1_142' title='bbox 710 2037 772 2120; x_wconf 79' lang='grc' dir='ltr'><em>την</em></span> <span class='ocrx_word' id='word_1_143' title='bbox 796 2037 893 2121; x_wconf 89' lang='grc' dir='ltr'><em>δίκην</em></span> <span class='ocrx_word' id='word_1_144' title='bbox 916 2035 1067 2123; x_wconf 77' lang='grc' dir='ltr'><em>ὑφέξειν,</em></span> <span class='ocrx_word' id='word_1_145' title='bbox 1094 2036 1150 2104; x_wconf 82' lang='grc' dir='ltr'><em>καὶ</em></span> 
     </span>
     <span class='ocr_line' id='line_1_18' title="bbox 132 2142 1151 2231; baseline 0.001 -23"><span class='ocrx_word' id='word_1_146' title='bbox 132 2146 338 2228; x_wconf 77' lang='grc' dir='ltr'><em>βουλόμενος</em></span> <span class='ocrx_word' id='word_1_147' title='bbox 370 2143 573 2228; x_wconf 80' lang='grc' dir='ltr'><em>ὁμολογῆσαι</em></span> <span class='ocrx_word' id='word_1_148' title='bbox 605 2145 683 2220; x_wconf 87' lang='grc' dir='ltr'><em>τοὺς</em></span> <span class='ocrx_word' id='word_1_149' title='bbox 715 2142 969 2229; x_wconf 79' lang='grc' dir='ltr'><em>δημάρχους,“</em></span> <span class='ocrx_word' id='word_1_150' title='bbox 951 2167 1001 2209; x_wconf 94' lang='grc' dir='ltr'><em>οτι</em></span> <span class='ocrx_word' id='word_1_151' title='bbox 1031 2145 1151 2231; x_wconf 84' lang='grc' dir='ltr'><em>ταύτης</em></span> 
     </span>
    </p>

    <p class='ocr_par' dir='ltr' id='par_1_5' title="bbox 26 2246 1271 2443">
     <span class='ocr_line' id='line_1_19' title="bbox 26 2246 1271 2340; baseline 0.004 -27"><span class='ocrx_word' id='word_1_152' title='bbox 26 2261 33 2278; x_wconf 87' lang='grc'><em>·</em></span> <span class='ocrx_word' id='word_1_153' title='bbox 133 2247 230 2314; x_wconf 73' lang='grc' dir='ltr'><em>ἕνεκα</em></span> <span class='ocrx_word' id='word_1_154' title='bbox 257 2257 316 2333; x_wconf 82' lang='grc' dir='ltr'><em>τῆς</em></span> <span class='ocrx_word' id='word_1_155' title='bbox 342 2251 448 2325; x_wconf 86' lang='grc' dir='ltr'><em>αἰτίας</em></span> <span class='ocrx_word' id='word_1_156' title='bbox 474 2246 654 2333; x_wconf 81' lang='grc' dir='ltr'><em>μέλλουσιν</em></span> <span class='ocrx_word' id='word_1_157' title='bbox 681 2248 784 2315; x_wconf 84' lang='grc' dir='ltr'><em>αὑτοῦ</em></span> <span class='ocrx_word' id='word_1_158' title='bbox 807 2261 1010 2335; x_wconf 79' lang='grc' dir='ltr'><em>κατηγορεῖν.</em></span> <span class='ocrx_word' id='word_1_159' title='bbox 1058 2253 1093 2317; x_wconf 87' lang='grc' dir='ltr'><em>οἰ</em></span> <span class='ocrx_word' id='word_1_160' title='bbox 1113 2248 1150 2318; x_wconf 74' lang='grc' dir='ltr'><em>δὲ</em></span> <span class='ocrx_word' id='word_1_161' title='bbox 1267 2333 1271 2340; x_wconf 30' lang='grc' dir='ltr'>Ι</span> 
     </span>
     <span class='ocr_line' id='line_1_20' title="bbox 135 2356 1150 2443; baseline 0.005 -23"><span class='ocrx_word' id='word_1_162' title='bbox 135 2356 299 2441; x_wconf 78' lang='grc' dir='ltr'><em>δήμαρχοι</em></span> <span class='ocrx_word' id='word_1_163' title='bbox 321 2356 583 2440; x_wconf 82' lang='grc' dir='ltr'><em>βουλευσάμενοι</em></span> <span class='ocrx_word' id='word_1_164' title='bbox 606 2356 688 2421; x_wconf 83' lang='grc' dir='ltr'><em>κατά</em></span> <span class='ocrx_word' id='word_1_165' title='bbox 711 2364 796 2441; x_wconf 83' lang='grc' dir='ltr'><em>σφᾶς</em></span> <span class='ocrx_word' id='word_1_166' title='bbox 818 2358 994 2441; x_wconf 88' lang='grc' dir='ltr'><em>τυραννίδι</em></span> <span class='ocrx_word' id='word_1_167' title='bbox 1017 2357 1150 2443; x_wconf 77' lang='grc' dir='ltr'><em>ἐπιβου-</em></span> 
     </span>
    </p>

    <p class='ocr_par' dir='ltr' id='par_1_6' title="bbox 66 2459 1190 2973">
     <span class='ocr_line' id='line_1_21' title="bbox 66 2459 1190 2549; baseline 0.004 -23"><span class='ocrx_word' id='word_1_168' title='bbox 66 2464 245 2530; x_wconf 60' lang='lat' dir='ltr'><em>mamm</em></span> <span class='ocrx_word' id='word_1_169' title='bbox 263 2462 367 2528; x_wconf 85' lang='grc' dir='ltr'><em>αὑτὸν</em></span> <span class='ocrx_word' id='word_1_170' title='bbox 382 2459 560 2548; x_wconf 73' lang='grc' dir='ltr'><em>ᾐτιάσαντο</em></span> <span class='ocrx_word' id='word_1_171' title='bbox 579 2459 634 2527; x_wconf 84' lang='grc' dir='ltr'><em>καλ</em></span> <span class='ocrx_word' id='word_1_172' title='bbox 652 2464 734 2549; x_wconf 81' lang='grc' dir='ltr'><em>πρὸς</em></span> <span class='ocrx_word' id='word_1_173' title='bbox 751 2462 875 2547; x_wconf 80' lang='grc' dir='ltr'><em>ταύτην</em></span> <span class='ocrx_word' id='word_1_174' title='bbox 890 2461 1043 2530; x_wconf 84' lang='grc' dir='ltr'><em>έκέλευον</em></span> <span class='ocrx_word' id='word_1_175' title='bbox 1057 2465 1149 2548; x_wconf 74' lang='grc' dir='ltr'><em>ἥκειν</em></span> <span class='ocrx_word' id='word_1_176' title='bbox 1163 2491 1190 2530; x_wconf 83' lang='grc' dir='ltr'><em>εο</em></span> 
     </span>
     <span class='ocr_line' id='line_1_22' title="bbox 133 2566 1150 2655; baseline 0.003 -21"><span class='ocrx_word' id='word_1_177' title='bbox 133 2570 194 2652; x_wconf 81' lang='grc' dir='ltr'><em>την</em></span> <span class='ocrx_word' id='word_1_178' title='bbox 213 2570 324 2634; x_wconf 81' lang='grc' dir='ltr'><em>αἰτίαν</em></span> <span class='ocrx_word' id='word_1_179' title='bbox 342 2566 647 2654; x_wconf 81' lang='grc' dir='ltr'><em>ἀπολογησόμενον,</em></span> <span class='ocrx_word' id='word_1_180' title='bbox 670 2568 711 2634; x_wconf 88' lang='grc' dir='ltr'><em>οὐ</em></span> <span class='ocrx_word' id='word_1_181' title='bbox 730 2571 929 2653; x_wconf 79' lang='grc' dir='ltr'><em>βουλόμενοι</em></span> <span class='ocrx_word' id='word_1_182' title='bbox 948 2570 985 2634; x_wconf 89' lang='grc' dir='ltr'><em>τὸ</em></span> <span class='ocrx_word' id='word_1_183' title='bbox 1005 2572 1150 2655; x_wconf 81' lang='grc' dir='ltr'><em>ἔγκλημα</em></span> 
     </span>
     <span class='ocr_line' id='line_1_23' title="bbox 132 2671 1150 2761; baseline 0.002 -22"><span class='ocrx_word' id='word_1_184' title='bbox 132 2677 179 2752; x_wconf 84' lang='grc' dir='ltr'><em>εἰς</em></span> <span class='ocrx_word' id='word_1_185' title='bbox 207 2679 288 2760; x_wconf 88' lang='grc' dir='ltr'><em>μίαν</em></span> <span class='ocrx_word' id='word_1_186' title='bbox 316 2676 427 2739; x_wconf 88' lang='grc' dir='ltr'><em>αἰτίαν</em></span> <span class='ocrx_word' id='word_1_187' title='bbox 453 2678 663 2739; x_wconf 83' lang='grc' dir='ltr'><em>κατακλεῖσαι</em></span> <span class='ocrx_word' id='word_1_188' title='bbox 691 2671 746 2740; x_wconf 82' lang='grc' dir='ltr'><em>καὶ</em></span> <span class='ocrx_word' id='word_1_189' title='bbox 768 2675 891 2759; x_wconf 86' lang='grc' dir='ltr'><em>ταύτην</em></span> <span class='ocrx_word' id='word_1_190' title='bbox 915 2671 983 2740; x_wconf 80' lang='grc' dir='ltr'><em>οὔτ’</em></span> <span class='ocrx_word' id='word_1_191' title='bbox 1010 2677 1150 2761; x_wconf 82' lang='grc' dir='ltr'><em>ἰσχυράν</em></span> 
     </span>
     <span class='ocr_line' id='line_1_24' title="bbox 133 2777 1151 2866; baseline 0.001 -20"><span class='ocrx_word' id='word_1_192' title='bbox 133 2783 210 2846; x_wconf 84' lang='grc' dir='ltr'><em>οὑτε</em></span> <span class='ocrx_word' id='word_1_193' title='bbox 224 2790 264 2866; x_wconf 71' lang='grc' dir='ltr'><em>τῇ</em></span> <span class='ocrx_word' id='word_1_194' title='bbox 278 2785 384 2866; x_wconf 71' lang='grc' dir='ltr'><em>βουλῇ</em></span> <span class='ocrx_word' id='word_1_195' title='bbox 398 2777 651 2866; x_wconf 80' lang='grc' dir='ltr'><em>κεχαρισμένην,</em></span> <span class='ocrx_word' id='word_1_196' title='bbox 669 2778 740 2846; x_wconf 82' lang='grc' dir='ltr'><em>ἀλλ’</em></span> <span class='ocrx_word' id='word_1_197' title='bbox 760 2777 890 2858; x_wconf 83' lang='grc' dir='ltr'><em>ἑαυτοῖς</em></span> <span class='ocrx_word' id='word_1_198' title='bbox 902 2803 937 2845; x_wconf 92' lang='grc' dir='ltr'><em>τε</em></span> <span class='ocrx_word' id='word_1_199' title='bbox 952 2781 1151 2866; x_wconf 83' lang='grc' dir='ltr'><em>πράττοντες</em></span> 
     </span>
     <span class='ocr_line' id='line_1_25' title="bbox 134 2885 1150 2973; baseline 0.002 -21"><span class='ocrx_word' id='word_1_200' title='bbox 134 2886 289 2966; x_wconf 79' lang='grc' dir='ltr'><em>ἐξουσίαν</em></span> <span class='ocrx_word' id='word_1_201' title='bbox 313 2887 374 2953; x_wconf 82' lang='grc' dir='ltr'><em>ὅσα</em></span> <span class='ocrx_word' id='word_1_202' title='bbox 397 2887 578 2972; x_wconf 82' lang='grc' dir='ltr'><em>βούλονται</em></span> <span class='ocrx_word' id='word_1_203' title='bbox 602 2887 764 2970; x_wconf 83' lang='grc' dir='ltr'><em>ἐγκαλεῖν,</em></span> <span class='ocrx_word' id='word_1_204' title='bbox 787 2885 842 2952; x_wconf 82' lang='grc' dir='ltr'><em>καὶ</em></span> <span class='ocrx_word' id='word_1_205' title='bbox 865 2890 1028 2972; x_wconf 79' lang='grc' dir='ltr'><em>βοήθειαν</em></span> <span class='ocrx_word' id='word_1_206' title='bbox 1050 2887 1150 2973; x_wconf 91' lang='grc' dir='ltr'><em>άφαι-</em></span> 
     </span>
    </p>

    <p class='ocr_par' dir='ltr' id='par_1_7' title="bbox 106 2991 1189 3291">
     <span class='ocr_line' id='line_1_26' title="bbox 133 2991 1189 3080; baseline 0.007 -21"><span class='ocrx_word' id='word_1_207' title='bbox 133 2996 297 3080; x_wconf 77' lang='grc' dir='ltr'><em>ρήσεσθαι</em></span> <span class='ocrx_word' id='word_1_208' title='bbox 319 3003 380 3059; x_wconf 86' lang='grc' dir='ltr'><em>τοῦ</em></span> <span class='ocrx_word' id='word_1_209' title='bbox 398 2995 556 3078; x_wconf 90' lang='grc' dir='ltr'><em>Μαρκίου</em></span> <span class='ocrx_word' id='word_1_210' title='bbox 579 2994 641 3077; x_wconf 82' lang='grc' dir='ltr'><em>την</em></span> <span class='ocrx_word' id='word_1_211' title='bbox 662 2991 697 3058; x_wconf 89' lang='grc' dir='ltr'><em>έκ</em></span> <span class='ocrx_word' id='word_1_212' title='bbox 715 3003 782 3058; x_wconf 84' lang='grc' dir='ltr'><em>τῶν</em></span> <span class='ocrx_word' id='word_1_213' title='bbox 801 2991 974 3075; x_wconf 85' lang='grc' dir='ltr'><em>συνέδρων</em></span> <span class='ocrx_word' id='word_1_214' title='bbox 992 2995 1149 3079; x_wconf 90' lang='grc' dir='ltr'><em>οἰόμενοι.</em></span> <span class='ocrx_word' id='word_1_215' title='bbox 1164 3023 1189 3066; x_wconf 77' lang='grc' dir='ltr'><em>ει</em></span> 
     </span>
     <span class='ocr_line' id='line_1_27' title="bbox 106 3095 1151 3188; baseline 0.002 -22"><span class='ocrx_word' id='word_1_216' title='bbox 106 3171 110 3178; x_wconf 53' lang='lat'>‚</span> <span class='ocrx_word' id='word_1_217' title='bbox 133 3098 187 3166; x_wconf 80' lang='grc' dir='ltr'><em>καὶ</em></span> <span class='ocrx_word' id='word_1_218' title='bbox 211 3101 230 3167; x_wconf 87' lang='grc' dir='ltr'><em>ὑ</em></span> <span class='ocrx_word' id='word_1_219' title='bbox 248 3100 404 3186; x_wconf 86' lang='grc' dir='ltr'><em>Μάρκιος</em></span> <span class='ocrx_word' id='word_1_220' title='bbox 425 3095 530 3165; x_wconf 81' lang='grc' dir='ltr'><em>εἶπεν·</em></span> <span class='ocrx_word' id='word_1_221' title='bbox 550 3096 639 3164; x_wconf 75' lang='grc' dir='ltr'><strong><em>Ἀλλ’</em></strong></span> <span class='ocrx_word' id='word_1_222' title='bbox 659 3102 744 3184; x_wconf 73' lang='grc' dir='ltr'><em>ητοι,</em></span> <span class='ocrx_word' id='word_1_223' title='bbox 766 3101 798 3164; x_wconf 88' lang='grc' dir='ltr'><em>εἰ</em></span> <span class='ocrx_word' id='word_1_224' title='bbox 819 3097 872 3164; x_wconf 84' lang='grc' dir='ltr'><em>ε’ττί</em></span> <span class='ocrx_word' id='word_1_225' title='bbox 895 3101 997 3186; x_wconf 78' lang='grc' dir='ltr'><em>ταύτῃ</em></span> <span class='ocrx_word' id='word_1_226' title='bbox 1020 3125 1057 3184; x_wconf 90' lang='grc' dir='ltr'><em>γε</em></span> <span class='ocrx_word' id='word_1_227' title='bbox 1080 3126 1151 3188; x_wconf 93' lang='grc' dir='ltr'><em>κρι-</em></span> 
     </span>
     <span class='ocr_line' id='line_1_28' title="bbox 132 3204 1151 3291; baseline 0.001 -18"><span class='ocrx_word' id='word_1_228' title='bbox 132 3210 281 3291; x_wconf 79' lang='grc' dir='ltr'><em>θήσομαι</em></span> <span class='ocrx_word' id='word_1_229' title='bbox 311 3229 350 3290; x_wconf 83' lang='grc' dir='ltr'><em>τη</em></span> <span class='ocrx_word' id='word_1_230' title='bbox 382 3207 537 3291; x_wconf 77' lang='grc' dir='ltr'><em>διαβολῇ,</em></span> <span class='ocrx_word' id='word_1_231' title='bbox 571 3207 692 3290; x_wconf 87' lang='grc' dir='ltr'><em>δίδωμι</em></span> <span class='ocrx_word' id='word_1_232' title='bbox 720 3204 864 3289; x_wconf 79' lang='grc' dir='ltr'><em>ἐμαυτὸν</em></span> <span class='ocrx_word' id='word_1_233' title='bbox 891 3206 1055 3274; x_wconf 83' lang='grc' dir='ltr'><em>ὑπόδικον</em></span> <span class='ocrx_word' id='word_1_234' title='bbox 1081 3221 1151 3286; x_wconf 89' lang='grc' dir='ltr'><em>τοῖς</em></span> 
     </span>
    </p>
   </div>
   <div class='ocr_carea' id='block_1_3' title="bbox 133 3324 1150 3612">
    <p class='ocr_par' dir='ltr' id='par_1_8' title="bbox 133 3324 1150 3612">
     <span class='ocr_line' id='line_1_29' title="bbox 205 3324 1148 3452; baseline 0 -68"><span class='ocrx_word' id='word_1_235' title='bbox 205 3336 221 3384; x_wconf 87' lang='grc'><strong>6</strong></span> <span class='ocrx_word' id='word_1_236' title='bbox 247 3325 491 3452; x_wconf 50' lang='grc' dir='ltr'><em>&lt;εἰ&gt;σεσὺἷε&gt;Β</em></span> <span class='ocrx_word' id='word_1_237' title='bbox 564 3329 619 3382; x_wconf 80' lang='grc'><em>7*</em></span> <span class='ocrx_word' id='word_1_238' title='bbox 637 3324 736 3382; x_wconf 84' lang='grc' dir='ltr'><em>σννενὲ</em></span> <span class='ocrx_word' id='word_1_239' title='bbox 737 3347 800 3397; x_wconf 86' lang='grc' dir='ltr'><em>γικο</em></span> <span class='ocrx_word' id='word_1_240' title='bbox 790 3327 969 3383; x_wconf 72' lang='lat' dir='ltr'><strong>tOcorrexi</strong></span> <span class='ocrx_word' id='word_1_241' title='bbox 1042 3335 1075 3382; x_wconf 88' lang='grc'><em>13</em></span> <span class='ocrx_word' id='word_1_242' title='bbox 1100 3325 1148 3400; x_wconf 78' lang='grc' dir='ltr'><em>ἐφ’</em></span> 
     </span>
     <span class='ocr_line' id='line_1_30' title="bbox 133 3347 1150 3480; baseline 0 -25"><span class='ocrx_word' id='word_1_243' title='bbox 133 3395 213 3455; x_wconf 88' lang='grc' dir='ltr'><em>οὑΟ</em></span> <span class='ocrx_word' id='word_1_244' title='bbox 242 3395 291 3468; x_wconf 72' lang='grc' dir='ltr'><em>ἐφ’</em></span> <span class='ocrx_word' id='word_1_245' title='bbox 361 3397 380 3452; x_wconf 78' lang='lat' dir='ltr'>S</span> <span class='ocrx_word' id='word_1_246' title='bbox 380 3398 483 3467; x_wconf 71' lang='lat' dir='ltr'>yburg</span> <span class='ocrx_word' id='word_1_247' title='bbox 573 3403 608 3453; x_wconf 81' lang='lat'><em>20</em></span> <span class='ocrx_word' id='word_1_248' title='bbox 630 3347 916 3480; x_wconf 75' lang='grc' dir='ltr'><em>ἠτιάσαντοΑΒαή</em></span> <span class='ocrx_word' id='word_1_249' title='bbox 899 3397 1083 3472; x_wconf 75' lang='grc' dir='ltr'><em>ἠτ&lt;η&gt;οαντο</em></span> <span class='ocrx_word' id='word_1_250' title='bbox 1101 3401 1150 3455; x_wconf 88' lang='lat' dir='ltr'><em>Bb</em></span> 
     </span>
     <span class='ocr_line' id='line_1_31' title="bbox 133 3417 1150 3538; baseline -0.002 -12"><span class='ocrx_word' id='word_1_251' title='bbox 133 3477 165 3526; x_wconf 76' lang='lat'><em>27</em></span> <span class='ocrx_word' id='word_1_252' title='bbox 186 3419 318 3526; x_wconf 86' lang='grc' dir='ltr'><em>έκίδικον</em></span> <span class='ocrx_word' id='word_1_253' title='bbox 321 3453 360 3523; x_wconf 95' lang='grc'><strong>0</strong></span> <span class='ocrx_word' id='word_1_254' title='bbox 380 3417 427 3525; x_wconf 73' lang='grc' dir='ltr'><em>ἰπὶ</em></span> <span class='ocrx_word' id='word_1_255' title='bbox 445 3470 571 3538; x_wconf 82' lang='grc' dir='ltr'><em>δίκηνο</em></span> <span class='ocrx_word' id='word_1_256' title='bbox 590 3467 734 3538; x_wconf 77' lang='lat' dir='ltr'>Kiessling</span> <span class='ocrx_word' id='word_1_257' title='bbox 752 3469 890 3524; x_wconf 82' lang='grc' dir='ltr'><em>δτοδ</em></span> <span class='ocrx_word' id='word_1_258' title='bbox 828 3488 890 3523; x_wconf 86' lang='grc' dir='ltr'><em>κο</em></span> <span class='ocrx_word' id='word_1_259' title='bbox 910 3489 933 3525; x_wconf 89' lang='grc' dir='ltr'><em>ο.</em></span> <span class='ocrx_word' id='word_1_260' title='bbox 952 3470 1060 3538; x_wconf 80' lang='lat' dir='ltr'><strong>Kayser</strong></span> <span class='ocrx_word' id='word_1_261' title='bbox 1079 3475 1150 3526; x_wconf 87' lang='lat' dir='ltr'><em>Ann</em></span> 
     </span>
     <span class='ocr_line' id='line_1_32' title="bbox 133 3541 622 3612; baseline 0.002 -17"><span class='ocrx_word' id='word_1_262' title='bbox 133 3541 200 3612; x_wconf 82' lang='lat' dir='ltr'>phil.</span> <span class='ocrx_word' id='word_1_263' title='bbox 219 3547 335 3612; x_wconf 81' lang='lat' dir='ltr'>1868p.</span> <span class='ocrx_word' id='word_1_264' title='bbox 351 3547 402 3596; x_wconf 84' lang='grc' dir='ltr'><em>ειε</em></span> <span class='ocrx_word' id='word_1_265' title='bbox 609 3558 622 3572; x_wconf 63' lang='lat'><strong><em>¹</em></strong></span> 
     </span>
    </p>
   </div>
   <div class='ocr_carea' id='block_1_4' title="bbox 0 0 1350 3978">
    <p class='ocr_par' dir='ltr' id='par_1_9' title="bbox 0 0 1350 3978">
     <span class='ocr_line' id='line_1_33' title="bbox 0 0 1350 3978; baseline 0 0"><span class='ocrx_word' id='word_1_266' title='bbox 0 0 1350 3978; x_wconf 95' lang='lat' dir='ltr'><em> </em></span> 
     </span>
    </p>
   </div>
  </div>
 </body>
</html>
