2656 3974
556 220 723 273 -Θ-
1081 219 1146 284 359

197 379 433 446 XXXXVIIII.
470 377 526 459 Ὡς
555 378 586 447 δ’
618 377 719 447 οὐδέν
747 379 873 465 ἐγίνετο
900 380 1017 467 πέρας,
1046 379 1148 467 χωρίς

130 484 290 565 ἑκάστους
312 485 558 573 ἀπολαμβάνων
581 488 600 554 ὁ
619 491 786 574 Κοίντιος,
808 489 887 566 τούς
904 511 938 554 τε
957 487 1147 573 δημάρχους

105 635 108 642 ·
130 592 186 660 καί
209 595 268 660 τὸν
283 591 438 680 Ἄππιον,
461 594 566 662 ἐδεῖτο
589 592 645 660 καὶ
668 594 815 682 ἐλιπάρει
832 592 888 661 καί
906 595 946 660 τὰ
964 595 1061 660 κοινὰ
1079 603 1146 659 τών

131 701 229 766 ἰδίων
251 699 490 786 ἀναγκαιότερα
508 702 664 786 ἡγεῖσθαι
683 701 787 786 ἠξίου.
823 701 913 787 δρῶν
932 697 970 766 δέ
988 703 1067 778 τοὺς
1084 696 1146 786 μέν

129 807 194 892 ἤδη
218 805 472 894 πεπειροτέρους
495 812 689 893 γεγονότας,
716 810 776 876 τὸν
799 804 837 874 δέ
860 808 1068 894 συνάρχοντα
1092 804 1146 872 ἐπὶ
1173 827 1187 868 5

130 922 188 997 τῆς
215 912 316 998 αὐτῆς
343 913 524 992 αὐθαδείας
551 913 694 1000 μένοντα
720 918 831 980 πείθει
854 916 932 992 τοὺς
954 911 1040 999 άμφὶ
1063 917 1147 978 Λαι-

130 1020 269 1106 τώριον,
295 1017 379 1107 ὑπὲρ
408 1020 564 1089 ἁπάντων
589 1031 657 1087 τών
679 1018 707 1086 τ’
736 1022 833 1087 ἰδίων
856 1021 1069 1107 ἐγκλημάτων
1091 1018 1148 1087 καί

130 1137 198 1192 τών
228 1129 398 1212 δημοσίων
428 1128 488 1211 τὴν
516 1128 643 1213 βουλὴν
670 1136 806 1212 ποιησαι
832 1131 961 1214 κυρίαν.
1012 1125 1083 1193 ἐπεὶ
1110 1122 1182 1198 δέ2

62 1242 228 1302 ιειοτοῦτο
253 1233 460 1319 διεπράξατο,
484 1234 657 1299 συνεκάλει
679 1235 741 1318 τὴν
764 1235 892 1319 βουλὴν
914 1231 970 1298 καὶ
992 1235 1071 1310 τοὺς
1089 1234 1147 1318 δη-

130 1341 278 1426 μάρχους
299 1341 406 1407 πολλὰ
424 1337 598 1417 ἐπαινέσας
616 1338 750 1407 καὶτοῦ
769 1339 994 1426 συνάρχοντος
1013 1337 1147 1423 δεηθεὶς
1161 1361 1188 1402 ιο

130 1448 175 1531 μὴ
203 1445 434 1532 ἀντιπράττειν
461 1454 500 1532 τῇ
530 1450 676 1534 σωτηρίᾳ
702 1455 760 1530 τῆς
786 1449 913 1523 πόλεως
938 1445 1046 1512 ἐκάλει
1068 1449 1148 1522 τοὺς

129 1555 292 1630 εἰωθότας
319 1551 568 1638 ἀποφαίνεσθαι
595 1554 738 1636 γνώμας.
789 1564 918 1639 πρῶτος
945 1549 983 1618 δέ
1010 1550 1181 1638 κληδεὶςὸ

130 1663 282 1736 Πόπλιος
315 1657 497 1745 Οὐαλέριος
531 1663 745 1738 Ποπλικόλας
781 1661 919 1746 γνώμην
954 1658 1146 1746 άπεφηνατο

114 1769 242 1851 τήνδε·
274 1766 335 1832 ὅσα
362 1761 424 1851 μέν
451 1765 606 1851 ἀλληλοις
634 1765 833 1850 ἐγκαλοῦσιν
861 1768 897 1834 οί
920 1789 955 1832 τε
984 1768 1147 1854 δήμαρχοι

20 1933 21 1936 ,
129 1871 185 1939 καὶ
212 1873 231 1939 ὁ
259 1873 398 1956 ὕπατος,
425 1870 509 1958 ὑπὲρ
533 1867 581 1940 ὧν
603 1875 733 1940 ἔπαθον
755 1873 945 1960 ἰγέδρασαν
968 1872 1005 1939 ἐν
1028 1881 1067 1958 τῇ
1091 1895 1147 1938 τα-
1161 1894 1187 1936 15
1307 1929 1308 1932 ,

130 1988 226 2064 ραχῇ,
250 1977 363 2064 ἐπειδὴ
388 1979 449 2045 οὐκ
472 1978 505 2058 ἐξ
529 1979 707 2066 ἐπιβουλῆς
725 1978 798 2046 οὐδ’
817 1981 940 2057 οἰκείας
957 1977 1148 2057 πλεονεξίας

129 2085 242 2152 ἕνεκεν
266 2087 313 2163 εἰς
335 2085 419 2151 αὐτὰ
436 2085 651 2171 κατέστησαν,
674 2084 746 2152 ἀλλ’
768 2086 834 2152 ὑπὸ
853 2095 910 2170 τῆς
928 2087 975 2163 εἰς
992 2086 1033 2150 τά
1050 2086 1148 2152 κοινά

129 2196 333 2277 φιλοτιμίας,
360 2190 521 2277 ἐφεῖσθαι
551 2190 771 2280 δημοσίᾳκαὶ
794 2193 959 2277 μηδεμίαν
981 2187 1065 2276 ὑπὲρ
1089 2191 1148 2257 αὐ-

128 2308 196 2364 τῶν
220 2293 306 2364 εἰναι
330 2299 440 2383 δίκην·
463 2296 540 2384 περὶ
563 2295 600 2364 δὲ
623 2309 684 2366 τοῦ
706 2302 825 2383 νόμου,
848 2297 962 2383 ἐπειδὴ
986 2298 1148 2376 δόπατος

132 2403 294 2486 [Ἄππιος]
320 2404 381 2470 οὐκ
404 2403 443 2492 ἐᾷ
465 2409 573 2490 νόμον
596 2404 866 2491 ἀπροβούλευτον
887 2407 935 2482 εἰς
951 2406 1013 2490 την
1032 2403 1146 2490 ε’κκλη-
1160 2426 1188 2467 ιο

130 2515 208 2578 σίαυ
232 2509 396 2597 ἐκφέρειν,
417 2516 665 2598 προβουλεῦσαι
687 2507 749 2597 μὲν
772 2509 849 2596 περὶ
870 2512 992 2578 τούτου
1010 2513 1047 2577 τὸ
1068 2528 1147 2577 συν-

130 2620 258 2704 έδριον·
278 2620 355 2696 τοὺς
374 2613 412 2683 δέ
431 2618 620 2703 δημάρχους
638 2618 705 2701 άμα
723 2627 792 2695 τοίς
807 2617 945 2696 ὑπάτοις
959 2616 1147 2701 ἐπιμέλειαν

128 2727 335 2809 ποιήσασθαι
357 2732 415 2808 της
436 2721 473 2789 θ’
495 2723 653 2808 ὁμονοίας
674 2733 742 2790 τών
764 2728 921 2808 πολιτῶν,
945 2723 1025 2790 ὅταν
1045 2722 1065 2806 ἡ
1084 2731 1148 2806 ψῆ-

129 2857 194 2917 φος
215 2828 292 2916 περὶ
315 2830 419 2898 αὐτοῦ
443 2827 651 2916 διαφέρηται,
673 2827 808 2913 καὶτῆς
831 2829 1014 2914 εὐκοσμίας.
1058 2827 1183 2906 εἶπαι-4

62 2937 301 3005 1877νεσάντων
324 2934 361 3002 δὲ
384 2937 445 3020 τὴν
468 2936 605 3022 γνώμην
623 2935 780 3003 ἁπάντων
798 2935 902 3014 εὐθὺς
920 2934 1066 3001 άνέδωκε
1085 2937 1147 3020 τὴν
1160 2957 1187 2998 ει
1288 2935 1290 2938 ’

124 3041 214 3130 ,ὑπὲρ
240 3051 301 3110 τοῦ
323 3046 430 3127 νόμου
453 3051 568 3127 ψῆφον
591 3042 609 3109 ὁ
633 3045 790 3120 Κοίντιος
812 3051 858 3131 τῷ
882 3043 1063 3132 συνεδρίφ,
1090 3040 1146 3108 καί

127 3151 236 3217 πολλὰ
267 3145 329 3234 μὲν
357 3145 496 3214 Ἀππίου
528 3153 833 3236 κατηγορήσαντος,
869 3149 976 3215 πολλά
1010 3145 1047 3213 δέ
1079 3158 1146 3214 τών

202 3347 235 3396 11
249 3341 285 3396 τδι
298 3339 459 3412 σωτήριαΑ
505 3346 537 3396 17
551 3339 622 3412 ὑπὲρ
638 3341 660 3397 0
675 3341 731 3396 ὑπὸ
747 3340 869 3411 Sylburg
914 3347 946 3397 18
961 3339 1147 3416 άφ<εἰσ>δαι

128 3413 152 3467 Β
232 3418 277 3468 20
298 3409 411 3476 ’Ἄππιος
435 3412 489 3468 del.
509 3410 598 3467 Cobet
621 3412 687 3468 Obs.
710 3419 810 3482 p.183
902 3418 935 3466 21
960 3411 1012 3482 μὲν
1037 3412 1100 3468 add.
1120 3412 1147 3466 A

130 3490 163 3540 22
187 3481 237 3540 ὑπ’
259 3485 355 3546 αὐτοῖς
373 3483 418 3537 Ba
440 3482 558 3546 ὑπάτοις
576 3483 601 3536 R
