2586 3972
531 247 699 297 -H-
1057 243 1123 310 259

104 409 230 474 τόπεδα
258 404 469 493 ἐπιτρέπουσι
496 407 692 492 φυλάττειν,
722 406 803 472 ὅταν
830 405 961 486 ἐξίωσιν
989 407 1037 484 είς
1063 407 1126 490 τὴν

104 515 231 600 μάχην,
258 512 315 579 καὶ
338 510 389 597 ἐφ’
418 512 478 589 οὓς
500 517 724 597 τελευταίους,
752 513 833 578 ὅταν
855 512 966 598 άθρόα
988 510 1124 598 γένηται

103 631 172 688 τῶν
205 619 242 686 ἐν
270 619 357 706 ἀκμῇ
385 620 517 704 φθορά,
550 622 762 699 σπανίζοντες
792 617 903 706 ἑτέρας
934 618 1125 705 ἐπικουρίας

101 729 352 812 καταφεύγουσι
386 727 442 792 διὰ
473 728 535 809 τὴν
567 725 726 810 άνάγκην.
780 727 816 791 οί
844 723 876 790 δ’
913 725 1158 792 Οὐολοῦσκοιῖ)

101 832 173 900 κατ’
196 833 300 920 ἀρχάς
321 830 383 918 μὲν
408 831 561 912 ἐδέξαντο
584 835 646 918 τὴν
667 834 792 918 ἔφοδον
816 831 926 898 αὐτῶν
949 830 1004 898 καὶ
1027 830 1122 919 μέχρι
1150 849 1164 892 ι

101 946 231 1007 πολλοῦ
263 937 418 1024 διέμενον
451 938 605 1025 ἐκθύμως
636 938 891 1024 ἀγωνιζόμενοι,
923 942 1034 1006 ἔπειτα
1067 940 1123 1005 διά

101 1049 164 1130 τὴν
187 1055 249 1112 τοῦ
271 1049 396 1131 χωρίου
419 1047 524 1130 φύσιν
548 1055 816 1131 μειονεκτοῦντες
838 1047 1045 1132 ὑπεχώρουν,
1067 1044 1123 1112 καὶ

102 1151 198 1230 τέλος
225 1152 323 1236 ὀλίγα
350 1148 412 1237 μέν
438 1155 518 1230 τοὺς
544 1157 723 1237 πολεμίους
748 1151 804 1218 καὶ
832 1153 894 1219 οὐκ
921 1153 996 1232 άξια
1019 1156 1122 1236 λόγου

101 1259 341 1345 ἐργασάμενοι,
369 1263 471 1324 πλείω
502 1257 532 1324 δ’
565 1257 660 1326 αὐτοὶ
690 1261 856 1336 παθόντες
884 1260 969 1326 κακά
996 1259 1122 1345 ὑπεχώ-

102 1381 211 1451 ρησαν
238 1366 287 1442 είς
315 1366 353 1430 τὸ
382 1366 509 1432 πεδίον.
562 1367 647 1431 ἔνθα
677 1366 1122 1451 καταστρατοπεδευσάμενοι
1137 1383 1163 1423 10

101 1483 174 1548 ταῖς
197 1469 272 1555 ἑξῆς
293 1469 431 1557 ἡμέραις
454 1469 623 1549 ἐξέταττον
646 1473 708 1556 τὴν
732 1473 877 1556 δύναμιν
899 1470 955 1537 καὶ
977 1472 1122 1557 προύκα-

101 1583 225 1644 λοῦντο
253 1581 332 1655 τοὺς
354 1574 536 1662 Ῥωμαίους
565 1580 612 1656 είς
639 1578 759 1664 μάχην,
787 1578 823 1643 oc
844 1575 874 1643 δ’
903 1578 965 1644 ούκ
987 1574 1121 1666 ἀντεξῄ-

101 1701 194 1751 εσαν.
240 1685 285 1761 ὡς
313 1680 351 1750 δέ
377 1682 468 1750 τοῦτ’
495 1680 587 1752 εἶδον
615 1687 925 1770 καταφρονήσαντες
952 1685 1062 1751 αὐτῶν
1090 1684 1125 1750 ολ
1137 1684 1158 1748 6

103 1791 316 1857 Οὐολοῦσκοι
344 1791 551 1858 συνεκάλουν
575 1790 611 1857 ἐκ
639 1802 706 1857 τῶν
732 1795 864 1858 πόλεων
888 1792 1045 1877 δυνάμεις
1066 1788 1123 1856 καὶ

100 1898 386 1983 παρεσκευάζοντο
401 1898 446 1974 ὡς
465 1897 653 1976 ἐξελοῦντες
670 1903 864 1986 πολυχειρίᾳ
881 1901 920 1966 τὸ
938 1899 1121 1984 φρούριον·
1138 1915 1164 1954 1⁶

101 2005 228 2093 ῥᾳδίως
249 1997 279 2068 τ’
305 2003 347 2069 άν
371 2003 603 2090 ἐξειργάσαντο
627 2002 710 2090 μέγα
734 2008 834 2091 ἔργον
857 2005 985 2071 ὑπάτου
1009 2027 1043 2069 τε
1067 2002 1123 2068 καλ

41 2107 280 2195 ΠεοῬωμαλκῆς
307 2109 481 2195 δυνάμεως
509 2109 530 2194 ἢ
558 2113 616 2198 βίη
637 2114 858 2196 κρατήσαντες
880 2111 901 2195 ἢ
924 2108 980 2176 καὶ
1003 2110 1122 2194 ὁμολο-

101 2221 204 2299 γίαις·
232 2211 313 2284 οὐδὲ
339 2217 403 2301 γάρ
431 2227 498 2282 τῶν
527 2214 723 2300 ἐπιτηδείων
751 2220 799 2283 ἔτι
829 2217 964 2303 εὐπόρει
992 2218 1030 2282 τὸ
1058 2241 1122 2303 χω-

102 2327 191 2406 ρίου·
217 2325 307 2406 ἔφθη
332 2317 370 2386 δέ
392 2324 555 2407 πρότερον
579 2322 751 2409 ἐπικουρία
770 2321 942 2407 Ῥωμαίοις
962 2320 1123 2408 ἐλθοῦσα,

102 2427 161 2515 ὑφ’
187 2424 227 2513 ἧς
249 2427 470 2512 ἐκωλύθησαν
493 2429 530 2493 οί
551 2429 760 2495 Οὐολοῦσκοι
788 2431 825 2494 τὸ
851 2429 1028 2495 κάλλιστον
1051 2430 1120 2496 ἐπι·
1134 2451 1162 2492 ιο

102 2542 216 2601 θεῖναι
244 2543 289 2621 τῷ
315 2532 449 2622 πολέμφ
476 2532 579 2612 τέλος.
625 2535 730 2620 δγάρ
759 2534 869 2620 ἕτερος
894 2547 962 2602 τῶν
985 2536 1156 2604 ὑπάτωνῖ

103 2645 241 2708 Καίσων
266 2641 394 2725 Φάβιος
416 2642 547 2726 μαθών,
571 2638 608 2706 ἐν
627 2632 680 2717 αἷς
702 2636 744 2724 ἦν
766 2643 880 2728 τύχαις
896 2641 917 2725 ἡ
936 2641 1121 2726 παραταξα-

102 2746 185 2833 μένη
211 2748 440 2824 Οὐολούσκοις
463 2747 616 2831 δύναμις,
645 2746 801 2831 ἐβούλετο
824 2744 886 2833 μέν
909 2749 953 2825 ὡς
976 2743 1043 2833 εἶχε
1067 2748 1122 2814 τά-

102 2878 182 2940 χους
211 2855 343 2920 ἅπασαν
369 2854 461 2938 άγων
491 2853 553 2936 τὴν
583 2853 728 2938 δύναμιν
757 2854 862 2932 εὐθὺς
894 2852 1020 2920 ἐπιέναι
1052 2864 1121 2930 τοῦς

102 2967 321 3047 πολιορκοῦσι
348 2963 385 3026 τὸ
414 2960 590 3045 φρούριον.
641 2960 686 3037 ὡς
714 2957 744 3027 δ’
777 2962 839 3027 οὐκ
872 2961 998 3045 ἐγίνετο
1032 2960 1120 3047 αὐτῷ
1136 2979 1162 3021 ιι

102 3066 261 3157 θυομέυφ
284 3091 319 3133 τε
343 3065 398 3133 καὶ
421 3069 555 3143 οίωυοῖς
577 3067 737 3158 χρωμένφ
760 3070 801 3134 τά
825 3069 896 3153 ίερά
919 3067 1014 3150 καλά,
1044 3063 1116 3132 ἀλλ’

176 3233 187 3280 1
211 3219 345 3298 ἐξίωσ<ιν
365 3223 405 3287 είς
422 3223 496 3298 τὴν)
515 3225 564 3279 Bb
628 3233 644 3278 9
663 3223 737 3280 πλέω
758 3225 780 3279 Ο
799 3227 885 3280 πλείω
903 3242 927 3280 c.
950 3223 1095 3292 Kiessling
1115 3223 1119 3297 Ι

103 3296 290 3388 ἀπεχώρησαν
310 3314 334 3377 ⁰:
352 3295 496 3377 Kiqssh'ng
584 3302 616 3350 13
637 3293 666 3388 ολ
683 3295 747 3386 εδδ.
765 3296 789 3349 Β
878 3303 911 3350 14
930 3289 1030 3386 τὰςρέκ
1048 3314 1072 3351 τ.
1091 3316 1120 3351 π.

102 3368 238 3493 {zz'ss‘ffl
257 3383 280 3422 θ’
298 3365 783 3509 5¹⁰2Z¹3¹¹a020ff03222036⁵⁷¹5532
802 3367 1022 3509 mm
1046 3368 1072 3423 δ’
1088 3383 1121 3493 1⁰s‘

105 3509 259 3583 εύπόρ<ει>
278 3509 302 3562 Β

901 3599 959 3653 17*
