2586 3972
192 256 257 320 248
411 235 413 240 '
615 259 783 309 -τι-

192 422 376 504 εκόπησαν,
408 419 460 484 ὅτι
490 418 713 504 συμπράττειν
742 429 812 495 τοῖς
841 422 1038 503 βασιλεῦσιν
1068 416 1207 484 ἐδόκουν

101 524 157 578 f
192 526 253 609 τὴν
275 525 435 593 κάθοδον.
479 522 535 590 καὶ
553 525 634 609 μετὰ
651 533 755 590 ταῦτα
772 524 927 602 Μάλλιος
944 525 1004 590 τὸν
1023 525 1208 590 Γαλατικὸν

192 636 339 717 πόλεμον
362 641 555 718 στρατηγῶν
577 633 636 697 τὸν
658 631 736 696 υίὸν
759 630 977 718 άρμστεύοντα
1002 631 1087 696 κατὰ
1112 632 1208 695 πόλε-

193 763 258 824 μον
281 748 338 824 τῆς
359 734 421 823 μὲν
443 737 599 823 ἀνδρείας
622 736 719 803 ἕνεκα
740 747 811 815 τοῖς
833 737 1011 823 ἀριστείοις
1034 736 1209 821 στεφάνοις

167 865 180 906 ε
195 844 389 930 ἐκόσμησεν,
408 843 584 908 ἀπείθειαν
599 841 630 908 δ’
647 841 826 927 ἐπικαλῶν,
845 843 896 909 ὅτι
910 843 973 910 ούιι
987 841 1024 908 ἐν
1043 835 1070 932 ςό
1085 841 1208 927 ἐτάχθη

193 954 345 1039 φρουρίῳ
373 952 519 1034 ἔμεινεν,
549 949 634 1016 ἀλλὰ
660 937 750 1035 παρὰ
777 949 838 1033 τὴν
866 945 1025 1033 ἐπιταγὴν
1053 957 1113 1015 τοῦ
1136 949 1210 1032 ἡγε-

93 1085 157 1134 N
193 1061 296 1143 μόνος
314 1055 455 1142 ἐξῆλθεν
473 1055 731 1140 ἀγωνιούμενος,
750 1051 1209 1154 QQ.

158 1162 249 1232 3καὶ
271 1165 366 1229 ἄλλοι
387 1160 506 1254 πολλοὶ
528 1161 732 1250 πατέρες,οί
752 1158 813 1249 μέν
836 1161 889 1229 ἐπὶ
912 1165 1060 1249 μείζοσιν
1078 1163 1209 1245 αίτίαις,

195 1271 230 1337 οί
246 1267 277 1336 δ’
300 1267 350 1336 ἐπ’
373 1268 555 1353 ἐλάττοσιν,
573 1269 650 1336 ούτε
667 1261 773 1355 φειδὼ
791 1281 859 1336 τῶν
877 1271 1007 1336 παίδων
1026 1265 1096 1334 οὔτ’
1115 1270 1210 1334 ἔλεον

154 1397 180 1438 10
195 1380 301 1463 ἔσχον.
354 1377 436 1443 κατά
466 1371 527 1460 μὲν
557 1375 599 1460 δη
629 1374 731 1442 τοῦτ’.
754 1377 815 1444 ούκ
845 1375 942 1461 ἀξιῶ,
971 1377 1082 1460 ὥσπερ
1113 1377 1210 1459 ἔφην,

193 1488 447 1571 προβεβλῆσθαι
473 1484 533 1548 τὸν
565 1485 667 1565 λόγον
700 1483 745 1559 ὡς
768 1482 949 1549 ἀπιθανόν·
976 1480 1087 1548 ἐκεῖνα
1110 1479 1153 1546 δέ
1171 1503 1209 1566 με

194 1588 351 1656 ἀνθέλκει
374 1591 560 1674 τεκμηρίων
583 1590 664 1654 όντα
687 1584 758 1654 οὔτ’
786 1587 940 1673 ἐλάχιστα
963 1583 1033 1654 οὔτ’
1060 1587 1285 1678 άπάθαναηοε

194 1694 354 1780 καὶπρὸς
376 1694 438 1778 τὴν
461 1691 577 1780 ἑτέραν
595 1695 670 1778 άγει
693 1694 952 1778 συγκατάθεσιν,
975 1694 1027 1760 ὅτι
1048 1695 1129 1779 μετὰ
1152 1696 1209 1760 τὸν
1284 1679 1285 1736 ἶ

194 1801 347 1868 θάνατον
369 1810 430 1867 τοῦ
448 1803 600 1867 Κασσίου
618 1801 640 1885 ἥ
658 1798 690 1867 τ’
712 1802 801 1868 οίκία
818 1801 1021 1886 κατεσκάφη,
1041 1798 1098 1866 καί
1117 1799 1210 1888 μέχρι

155 1927 182 1970 τε
195 1909 293 1977 τοῦδε
317 1906 444 1973 άνεῑται
462 1906 480 1972 ὁ
499 1909 599 1983 τόπος
620 1907 723 1991 αὐτῆς
745 1912 879 1992 αίθριος
902 1904 963 1985 ἔξω
985 1917 1048 1973 τοῦ
1070 1909 1137 1973 νεὼ
1154 1916 1209 1992 τῆς

195 2017 275 2100 Γῆς,
293 2012 334 2080 ὃν
351 2010 504 2099 ὑστέροις
520 2012 541 2096 ἡ
560 2015 656 2091 πόλις
673 2013 891 2079 κατεσκεύασε
909 2015 1044 2099 χρόνοις
1062 2013 1100 2080 ἐν
1121 2012 1209 2100 μέρει

194 2119 261 2186 τινὶ
293 2120 393 2204 αύτης
428 2119 511 2184 κατὰ
546 2120 609 2204 τὴν
640 2117 693 2184 ἐπὶ
726 2122 875 2205 Καρίνας
910 2118 1081 2205 φέρουσαν
1119 2120 1209 2203 ὁδόν,

195 2225 251 2292 καὶ
273 2228 314 2292 τά
336 2229 486 2312 χρήματα
508 2225 612 2292 αὐτοῦ
634 2228 672 2292 τὸ
695 2228 812 2292 κοινὸν
829 2225 1004 2311 ἀνέλαβεν·
1028 2225 1063 2305 ἐξ
1086 2221 1135 2293 ὧν
1153 2225 1209 2291 όπ-
1283 2247 1284 2264 ³

197 2334 299 2418 αρχὰς
330 2331 367 2397 ἐν
399 2333 512 2410 άλλοις
543 2354 578 2398 τε
612 2333 714 2419 ἱεροῖς
740 2330 901 2416 ἀνέθηκε,
932 2330 988 2397 καὶ
1021 2333 1063 2417 δὴ
1090 2331 1146 2398 καὶ
1172 2339 1209 2417 τῇ

157 2458 184 2498 το
198 2440 351 2523 Δήμητρι
382 2441 461 2516 τοὺς
491 2437 652 2525 χαλκέους
688 2437 890 2525 ἀνδριάντας
925 2436 1123 2524 ἐπιγραφαῖς
1155 2440 1209 2520 δη-

162 2547 352 2629 4λοῢντας,
381 2543 439 2630 ἀφ’
466 2540 515 2612 ὧν
538 2548 602 2611 είσι
624 2545 801 2633 χρημάτων
825 2544 978 2631 ἀπαρχαί.
1024 2547 1055 2610 εί
1077 2543 1116 2611 δέ
1135 2541 1166 2628 γ’
1192 2543 1209 2609 ό

196 2652 303 2738 πατὴρ
325 2651 473 2740 μηνυτής
495 2673 530 2716 τε
552 2647 608 2715 καὶ
630 2653 813 2738 κατήγορος
841 2649 897 2717 καί
919 2652 1082 2735 κολαστης
1109 2649 1265 2716 αύτοῦιτοε

198 2755 347 2842 ἐγένετο,
382 2753 453 2822 οὔτ’
488 2755 530 2822 άν
559 2755 580 2840 η
611 2757 700 2821 οίκία
730 2741 834 2822 αύτοῦ
866 2757 1055 2843 κατεσκάφη
1084 2757 1161 2823 οὔτε
1189 2755 1208 2837 ἡ

197 2864 296 2930 οὐσία
315 2862 493 2947 ἐδημεύθη.
520 2859 693 2947 Ῥωμαίοις
710 2864 774 2948 γάρ
793 2859 899 2929 οὐθὲν
914 2864 1003 2929 ἴδιόν
1021 2862 1090 2929 ἐστι
1106 2872 1208 2947 κτῆμα

269 3096 285 3144 2
304 3088 461 3152 Ι*Μάλλιος
479 3082 510 3143 ἐν
528 3094 566 3162 τῷ
586 3093 732 3162 Γαλατικῷ
751 3088 861 3162 πολέμῳ
881 3089 903 3144 0
929 3093 970 3145 M.
989 3089 1005 3145 δ
1025 3085 1056 3146 ἐν
1074 3095 1111 3145 τά
1131 3093 1160 3145 Γ.
1179 3106 1206 3142 π,

197 3160 343 3232 Kiessling
359 3159 487 3223 Μάλλιος
504 3159 554 3215 τόν
573 3160 731 3216 Γαλατικὸν
749 3160 871 3230 πόλεμον
890 3160 990 3231 scripsi
1051 3167 1068 3216 ό
1087 3144 1207 3231 ἐγκαλῶν

198 3250 221 3290 ο.
242 3232 364 3304 Sylburg
436 3237 451 3286 7
471 3230 558 3286 verba
576 3230 643 3286 inde
662 3233 699 3287 ab
718 3227 838 3301 ἐξῆλθεν
856 3249 946 3300 usque
964 3231 1003 3286 εδ
1020 3231 1092 3288 πατέ
1109 3252 1138 3295 ες
1154 3247 1206 3286 om.

197 3301 934 3373 Βεεδδ.Βοο1ςΙλειποτάιιτηνοοοτε.Ηετ11εἰα
947 3302 1064 3358 Hermes
1115 3321 1141 3371 p.
1156 3307 1206 3355 411
1281 3339 1282 3344 1

198 3380 215 3428 9
234 3371 265 3428 οί
281 3372 311 3428 δ’
333 3367 380 3428 ἐπ’
402 3369 545 3428 ἐλάττοσιν
564 3372 628 3429 add.
647 3373 749 3444 Bbmg
822 3379 855 3427 12
874 3373 934 3429 οὔτ’
956 3374 1088 3430 ἀπίθανα
1107 3371 1207 3428 add.A

198 3450 233 3498 20
252 3441 372 3568 γοὲλιιέας
390 3449 413 3499 Α
433 3448 569 3512 χαλκοόςθ
669 3451 701 3500 21
721 3443 764 3516 τε]
787 3463 818 3513 γε
837 3444 860 3499 Β
960 3451 994 3500 23
1014 3444 1031 3512 ἡ
1050 3446 1115 3500 πολε
1133 3441 1206 3498 οίκία

198 3531 252 3569 om.
