<?xml version="1.0" encoding="UTF-8"?>
<!DOCTYPE html PUBLIC "-//W3C//DTD XHTML 1.0 Transitional//EN"
    "http://www.w3.org/TR/xhtml1/DTD/xhtml1-transitional.dtd">
<html xmlns="http://www.w3.org/1999/xhtml" xml:lang="en" lang="en">
 <head>
  <title>
</title>
<meta http-equiv="Content-Type" content="text/html;charset=utf-8" />
  <meta name='ocr-system' content='tesseract 3.04.00' />
  <meta name='ocr-capabilities' content='ocr_page ocr_carea ocr_par ocr_line ocrx_word'/>
</head>
<body>
  <div class='ocr_page' id='page_1' title='image "./dionysihalicarn00unkngoog/dionysihalicarn00unkngoog_0233.png"; bbox 0 0 2586 3972; ppageno 0'>
   <div class='ocr_carea' id='block_1_1' title="bbox 498 235 1090 299">
    <p class='ocr_par' dir='ltr' id='par_1_1' title="bbox 498 235 1090 299">
     <span class='ocr_line' id='line_1_1' title="bbox 498 235 1090 299; baseline 0.003 -2"><span class='ocrx_word' id='word_1_1' title='bbox 498 237 666 286; x_wconf 86' lang='lat' dir='ltr'><em>-H-</em></span> <span class='ocrx_word' id='word_1_2' title='bbox 1025 235 1090 299; x_wconf 76' lang='lat'><em>223</em></span> 
     </span>
    </p>
   </div>
   <div class='ocr_carea' id='block_1_2' title="bbox 16 393 1130 3144">
    <p class='ocr_par' dir='ltr' id='par_1_2' title="bbox 86 393 1090 485">
     <span class='ocr_line' id='line_1_2' title="bbox 86 393 1090 485; baseline 0.004 -25"><span class='ocrx_word' id='word_1_3' title='bbox 86 393 257 482; x_wconf 74' lang='grc' dir='ltr'><em>ἀναγκάσῃ·</em></span> <span class='ocrx_word' id='word_1_4' title='bbox 281 403 327 485; x_wconf 76' lang='grc' dir='ltr'><em>’τῷ</em></span> <span class='ocrx_word' id='word_1_5' title='bbox 346 418 380 461; x_wconf 90' lang='grc' dir='ltr'><em>τε</em></span> <span class='ocrx_word' id='word_1_6' title='bbox 398 395 559 480; x_wconf 79' lang='grc' dir='ltr'><em>κάμνοντι</em></span> <span class='ocrx_word' id='word_1_7' title='bbox 577 396 676 473; x_wconf 89' lang='grc' dir='ltr'><em>αὐτὸς</em></span> <span class='ocrx_word' id='word_1_8' title='bbox 693 399 898 483; x_wconf 78' lang='grc' dir='ltr'><strong><em>παρεβοήθει</em></strong></span> <span class='ocrx_word' id='word_1_9' title='bbox 917 395 1010 482; x_wconf 89' lang='grc' dir='ltr'><em>μέρει</em></span> <span class='ocrx_word' id='word_1_10' title='bbox 1027 396 1090 483; x_wconf 85' lang='grc' dir='ltr'><em>ἀεί,</em></span> 
     </span>
    </p>

    <p class='ocr_par' dir='ltr' id='par_1_3' title="bbox 34 499 1090 589">
     <span class='ocr_line' id='line_1_3' title="bbox 34 499 1090 589; baseline 0.003 -23"><span class='ocrx_word' id='word_1_11' title='bbox 34 499 155 580; x_wconf 76' lang='grc' dir='ltr'><em>ιεεντέως</em></span> <span class='ocrx_word' id='word_1_12' title='bbox 181 501 298 582; x_wconf 79' lang='grc' dir='ltr'><strong><em>ἐξέωσε</em></strong></span> <span class='ocrx_word' id='word_1_13' title='bbox 328 512 386 588; x_wconf 79' lang='grc' dir='ltr'><em>τῆς</em></span> <span class='ocrx_word' id='word_1_14' title='bbox 414 502 558 581; x_wconf 86' lang='grc' dir='ltr'><em>στάσεως</em></span> <span class='ocrx_word' id='word_1_15' title='bbox 584 501 640 568; x_wconf 82' lang='grc' dir='ltr'><em>καὶ</em></span> <span class='ocrx_word' id='word_1_16' title='bbox 667 503 812 589; x_wconf 86' lang='grc' dir='ltr'><em>θάτερον</em></span> <span class='ocrx_word' id='word_1_17' title='bbox 835 500 941 589; x_wconf 89' lang='grc' dir='ltr'><em>κέρας.</em></span> <span class='ocrx_word' id='word_1_18' title='bbox 987 509 1090 582; x_wconf 72' lang='grc' dir='ltr'><em>φιλω-</em></span> 
     </span>
    </p>

    <p class='ocr_par' dir='ltr' id='par_1_4' title="bbox 16 587 1126 698">
     <span class='ocr_line' id='line_1_4' title="bbox 16 587 1126 696; baseline 0.001 -22"><span class='ocrx_word' id='word_1_19' title='bbox 16 587 18 668; x_wconf 69' lang='grc' dir='ltr'><em>δ</em></span> <span class='ocrx_word' id='word_1_20' title='bbox 83 607 202 675; x_wconf 85' lang='grc' dir='ltr'><em>θέντων</em></span> <span class='ocrx_word' id='word_1_21' title='bbox 226 607 265 676; x_wconf 74' lang='grc' dir='ltr'><em>δέ</em></span> <span class='ocrx_word' id='word_1_22' title='bbox 286 620 354 676; x_wconf 82' lang='grc' dir='ltr'><em>τῶν</em></span> <span class='ocrx_word' id='word_1_23' title='bbox 376 611 489 696; x_wconf 84' lang='grc' dir='ltr'><em>ἀκρων</em></span> <span class='ocrx_word' id='word_1_24' title='bbox 513 606 592 675; x_wconf 77' lang='grc' dir='ltr'><em>ούδὲ</em></span> <span class='ocrx_word' id='word_1_25' title='bbox 610 612 650 675; x_wconf 83' lang='grc' dir='ltr'><em>τὰ</em></span> <span class='ocrx_word' id='word_1_26' title='bbox 669 609 751 696; x_wconf 86' lang='grc' dir='ltr'><em>μέσα</em></span> <span class='ocrx_word' id='word_1_27' title='bbox 773 608 961 695; x_wconf 88' lang='grc' dir='ltr'><em>παρέμεινε.</em></span> <span class='ocrx_word' id='word_1_28' title='bbox 998 611 1126 696; x_wconf 81' lang='grc' dir='ltr'><em>φυγηό</em></span> 
     </span>
    </p>

    <p class='ocr_par' dir='ltr' id='par_1_5' title="bbox 16 699 1090 804">
     <span class='ocr_line' id='line_1_5' title="bbox 84 713 1090 803; baseline 0.001 -22.937"><span class='ocrx_word' id='word_1_29' title='bbox 84 717 119 799; x_wconf 77' lang='grc' dir='ltr'><em>δη</em></span> <span class='ocrx_word' id='word_1_30' title='bbox 140 726 205 782; x_wconf 83' lang='grc' dir='ltr'><em>τῶν</em></span> <span class='ocrx_word' id='word_1_31' title='bbox 218 714 382 803; x_wconf 78' lang='grc' dir='ltr'><em>Ἑρνίκων</em></span> <span class='ocrx_word' id='word_1_32' title='bbox 399 719 436 782; x_wconf 88' lang='grc' dir='ltr'><em>τὸ</em></span> <span class='ocrx_word' id='word_1_33' title='bbox 455 717 536 801; x_wconf 83' lang='grc' dir='ltr'><em>μετὰ</em></span> <span class='ocrx_word' id='word_1_34' title='bbox 554 713 644 783; x_wconf 83' lang='grc' dir='ltr'><em>τοῦτ’</em></span> <span class='ocrx_word' id='word_1_35' title='bbox 667 716 794 802; x_wconf 79' lang='grc' dir='ltr'><em>ἐγίνετο</em></span> <span class='ocrx_word' id='word_1_36' title='bbox 813 715 867 783; x_wconf 77' lang='grc' dir='ltr'><em>ἐπὶ</em></span> <span class='ocrx_word' id='word_1_37' title='bbox 885 719 944 783; x_wconf 88' lang='grc' dir='ltr'><em>τὸν</em></span> <span class='ocrx_word' id='word_1_38' title='bbox 963 716 1090 803; x_wconf 89' lang='grc' dir='ltr'><em>χάρακα</em></span> 
     </span>
    </p>

    <p class='ocr_par' dir='ltr' id='par_1_6' title="bbox 16 820 1130 918">
     <span class='ocr_line' id='line_1_6' title="bbox 16 820 1130 918; baseline -0.001 -32"><span class='ocrx_word' id='word_1_39' title='bbox 16 847 18 918; x_wconf 57' lang='lat'>3</span> <span class='ocrx_word' id='word_1_40' title='bbox 81 820 294 908; x_wconf 77' lang='grc' dir='ltr'><em>τεταραγμένη</em></span> <span class='ocrx_word' id='word_1_41' title='bbox 322 845 357 889; x_wconf 88' lang='grc' dir='ltr'><em>τε</em></span> <span class='ocrx_word' id='word_1_42' title='bbox 384 820 439 888; x_wconf 79' lang='grc' dir='ltr'><em>καὶ</em></span> <span class='ocrx_word' id='word_1_43' title='bbox 466 823 626 908; x_wconf 76' lang='grc' dir='ltr'><em>ἄκοσμος,</em></span> <span class='ocrx_word' id='word_1_44' title='bbox 656 822 712 889; x_wconf 79' lang='grc' dir='ltr'><em>καὶ</em></span> <span class='ocrx_word' id='word_1_45' title='bbox 738 824 775 890; x_wconf 86' lang='grc' dir='ltr'><em>οί</em></span> <span class='ocrx_word' id='word_1_46' title='bbox 794 821 949 909; x_wconf 79' lang='grc' dir='ltr'><em>Ῥωμαῖοι</em></span> <span class='ocrx_word' id='word_1_47' title='bbox 976 823 1090 901; x_wconf 82' lang='grc' dir='ltr'><em>αὐτοῖς</em></span> <span class='ocrx_word' id='word_1_48' title='bbox 1116 845 1130 885; x_wconf 81' lang='grc' dir='ltr'><em>ε</em></span> 
     </span>
    </p>

    <p class='ocr_par' dir='ltr' id='par_1_7' title="bbox 16 919 1128 1868">
     <span class='ocr_line' id='line_1_7' title="bbox 16 919 1090 1018; baseline 0.002 -26"><span class='ocrx_word' id='word_1_49' title='bbox 16 919 18 964; x_wconf 53' lang='grc' dir='ltr'><em>ί</em></span> <span class='ocrx_word' id='word_1_50' title='bbox 80 931 255 1006; x_wconf 88' lang='grc' dir='ltr'><em>κτείνοντες</em></span> <span class='ocrx_word' id='word_1_51' title='bbox 286 928 509 1012; x_wconf 76' lang='grc' dir='ltr'><em>ἠκολούθουν.</em></span> <span class='ocrx_word' id='word_1_52' title='bbox 564 931 707 1015; x_wconf 81' lang='grc' dir='ltr'><em>τοσαύτη</em></span> <span class='ocrx_word' id='word_1_53' title='bbox 745 927 778 996; x_wconf 94' lang='grc' dir='ltr'><em>δ’</em></span> <span class='ocrx_word' id='word_1_54' title='bbox 815 932 879 1018; x_wconf 85' lang='grc' dir='ltr'><em>ἀρα</em></span> <span class='ocrx_word' id='word_1_55' title='bbox 915 931 1090 1016; x_wconf 78' lang='grc' dir='ltr'><em>προθυμία</em></span> 
     </span>
     <span class='ocr_line' id='line_1_8' title="bbox 80 1033 1089 1125; baseline 0.004 -27"><span class='ocrx_word' id='word_1_56' title='bbox 80 1035 159 1120; x_wconf 83' lang='grc' dir='ltr'><em>παρὰ</em></span> <span class='ocrx_word' id='word_1_57' title='bbox 184 1037 246 1102; x_wconf 89' lang='grc' dir='ltr'><em>τὸν</em></span> <span class='ocrx_word' id='word_1_58' title='bbox 274 1033 343 1101; x_wconf 88' lang='grc' dir='ltr'><em>τότ’</em></span> <span class='ocrx_word' id='word_1_59' title='bbox 375 1035 489 1119; x_wconf 81' lang='grc' dir='ltr'><em>ἀγῶνα</em></span> <span class='ocrx_word' id='word_1_60' title='bbox 511 1044 551 1121; x_wconf 74' lang='grc' dir='ltr'><em>τῇ</em></span> <span class='ocrx_word' id='word_1_61' title='bbox 569 1034 739 1120; x_wconf 88' lang='grc' dir='ltr'><em>Ῥωμαίων</em></span> <span class='ocrx_word' id='word_1_62' title='bbox 762 1047 899 1125; x_wconf 78' lang='grc' dir='ltr'><em>στρατιᾷ</em></span> <span class='ocrx_word' id='word_1_63' title='bbox 922 1035 1089 1121; x_wconf 83' lang='grc' dir='ltr'><em>ἐνέπεσεν,</em></span> 
     </span>
     <span class='ocr_line' id='line_1_9' title="bbox 57 1139 1090 1230; baseline 0.004 -25"><span class='ocrx_word' id='word_1_64' title='bbox 57 1140 154 1216; x_wconf 81' lang='grc' dir='ltr'><em>,ὥστε</em></span> <span class='ocrx_word' id='word_1_65' title='bbox 183 1139 240 1207; x_wconf 82' lang='grc' dir='ltr'><em>καὶ</em></span> <span class='ocrx_word' id='word_1_66' title='bbox 263 1151 324 1208; x_wconf 89' lang='grc' dir='ltr'><em>τού</em></span> <span class='ocrx_word' id='word_1_67' title='bbox 347 1142 491 1227; x_wconf 78' lang='grc' dir='ltr'><em>χάρακος</em></span> <span class='ocrx_word' id='word_1_68' title='bbox 512 1153 580 1209; x_wconf 79' lang='grc' dir='ltr'><em>τῶν</em></span> <span class='ocrx_word' id='word_1_69' title='bbox 602 1145 770 1227; x_wconf 90' lang='grc' dir='ltr'><em>πολεμίων</em></span> <span class='ocrx_word' id='word_1_70' title='bbox 792 1146 977 1230; x_wconf 83' lang='grc' dir='ltr'><em>πειρᾶσθαί</em></span> <span class='ocrx_word' id='word_1_71' title='bbox 997 1167 1090 1220; x_wconf 90' lang='grc' dir='ltr'><em>τινας</em></span> 
     </span>
     <span class='ocr_line' id='line_1_10' title="bbox 80 1244 1088 1335; baseline 0.003 -24"><span class='ocrx_word' id='word_1_72' title='bbox 80 1245 256 1332; x_wconf 79' lang='grc' dir='ltr'><em>ἐπιβαίνειν</em></span> <span class='ocrx_word' id='word_1_73' title='bbox 274 1248 319 1326; x_wconf 77' lang='grc' dir='ltr'><em>ὡς</em></span> <span class='ocrx_word' id='word_1_74' title='bbox 333 1247 366 1327; x_wconf 81' lang='grc' dir='ltr'><em>ἐξ</em></span> <span class='ocrx_word' id='word_1_75' title='bbox 382 1247 508 1334; x_wconf 85' lang='grc' dir='ltr'><em>έφόδου</em></span> <span class='ocrx_word' id='word_1_76' title='bbox 522 1247 796 1335; x_wconf 79' lang='grc' dir='ltr'><em>χειρωσομένους·</em></span> <span class='ocrx_word' id='word_1_77' title='bbox 817 1244 866 1315; x_wconf 80' lang='grc' dir='ltr'><em>ὧν</em></span> <span class='ocrx_word' id='word_1_78' title='bbox 880 1249 942 1314; x_wconf 87' lang='grc' dir='ltr'><em>οὐκ</em></span> <span class='ocrx_word' id='word_1_79' title='bbox 955 1248 1088 1335; x_wconf 80' lang='grc' dir='ltr'><em>ἀσφαλῆ</em></span> 
     </span>
     <span class='ocr_line' id='line_1_11' title="bbox 79 1353 1128 1443; baseline -0.001 -27"><span class='ocrx_word' id='word_1_80' title='bbox 79 1353 133 1436; x_wconf 74' lang='grc' dir='ltr'><em>τὴν</em></span> <span class='ocrx_word' id='word_1_81' title='bbox 162 1359 359 1441; x_wconf 79' lang='grc' dir='ltr'><em>προθυμίαν</em></span> <span class='ocrx_word' id='word_1_82' title='bbox 391 1353 464 1422; x_wconf 86' lang='grc' dir='ltr'><em>οὐδ’</em></span> <span class='ocrx_word' id='word_1_83' title='bbox 499 1354 536 1421; x_wconf 82' lang='grc' dir='ltr'><em>ἐν</em></span> <span class='ocrx_word' id='word_1_84' title='bbox 568 1365 613 1443; x_wconf 77' lang='grc' dir='ltr'><em>τῷ</em></span> <span class='ocrx_word' id='word_1_85' title='bbox 647 1353 852 1442; x_wconf 88' lang='grc' dir='ltr'><em>συμφέροντι</em></span> <span class='ocrx_word' id='word_1_86' title='bbox 884 1353 1087 1439; x_wconf 75' lang='grc' dir='ltr'><em>γιγνομένην</em></span> <span class='ocrx_word' id='word_1_87' title='bbox 1103 1377 1128 1416; x_wconf 80' lang='grc' dir='ltr'><em>ιο</em></span> 
     </span>
     <span class='ocr_line' id='line_1_12' title="bbox 80 1459 1088 1548; baseline 0.002 -24"><span class='ocrx_word' id='word_1_88' title='bbox 80 1459 159 1545; x_wconf 80' lang='grc' dir='ltr'><em>δρῶν</em></span> <span class='ocrx_word' id='word_1_89' title='bbox 187 1462 205 1528; x_wconf 88' lang='grc' dir='ltr'>ὁ</span> <span class='ocrx_word' id='word_1_90' title='bbox 233 1461 374 1547; x_wconf 79' lang='grc' dir='ltr'><em>ὕπατος,</em></span> <span class='ocrx_word' id='word_1_91' title='bbox 406 1466 581 1548; x_wconf 86' lang='grc' dir='ltr'><em>σημαίνειν</em></span> <span class='ocrx_word' id='word_1_92' title='bbox 612 1464 771 1540; x_wconf 87' lang='grc' dir='ltr'><em>κελεύσας</em></span> <span class='ocrx_word' id='word_1_93' title='bbox 797 1463 834 1527; x_wconf 88' lang='grc' dir='ltr'><em>τὸ</em></span> <span class='ocrx_word' id='word_1_94' title='bbox 867 1459 1088 1544; x_wconf 90' lang='grc' dir='ltr'><em>ἀνακλητικὸν</em></span> 
     </span>
     <span class='ocr_line' id='line_1_13' title="bbox 79 1566 1087 1656; baseline 0.001 -26"><span class='ocrx_word' id='word_1_95' title='bbox 79 1571 265 1652; x_wconf 80' lang='grc' dir='ltr'><em>κατεβίβασε</em></span> <span class='ocrx_word' id='word_1_96' title='bbox 293 1572 372 1646; x_wconf 85' lang='grc' dir='ltr'><em>τοὺς</em></span> <span class='ocrx_word' id='word_1_97' title='bbox 403 1569 504 1654; x_wconf 85' lang='grc' dir='ltr'><em>ὁμόσε</em></span> <span class='ocrx_word' id='word_1_98' title='bbox 533 1577 725 1656; x_wconf 78' lang='grc' dir='ltr'><em>χωροῦντας</em></span> <span class='ocrx_word' id='word_1_99' title='bbox 752 1568 894 1644; x_wconf 86' lang='grc' dir='ltr'><em>ἀκοντας</em></span> <span class='ocrx_word' id='word_1_100' title='bbox 925 1566 990 1633; x_wconf 89' lang='grc' dir='ltr'><em>ἀπὸ</em></span> <span class='ocrx_word' id='word_1_101' title='bbox 1020 1577 1087 1632; x_wconf 80' lang='grc' dir='ltr'><em>τῶν</em></span> 
     </span>
     <span class='ocr_line' id='line_1_14' title="bbox 78 1670 1087 1761; baseline 0.001 -24"><span class='ocrx_word' id='word_1_102' title='bbox 78 1670 261 1759; x_wconf 79' lang='grc' dir='ltr'><em>ἐρυμάτων,</em></span> <span class='ocrx_word' id='word_1_103' title='bbox 288 1676 415 1759; x_wconf 88' lang='grc' dir='ltr'><em>δείσας,</em></span> <span class='ocrx_word' id='word_1_104' title='bbox 442 1676 487 1761; x_wconf 80' lang='grc' dir='ltr'><em>μη</em></span> <span class='ocrx_word' id='word_1_105' title='bbox 516 1674 548 1754; x_wconf 80' lang='grc' dir='ltr'><em>ἐξ</em></span> <span class='ocrx_word' id='word_1_106' title='bbox 572 1673 777 1760; x_wconf 79' lang='grc' dir='ltr'><em>ὑπερδεξιῶν</em></span> <span class='ocrx_word' id='word_1_107' title='bbox 799 1677 1000 1760; x_wconf 90' lang='grc' dir='ltr'><em>βαλλόμενοι</em></span> <span class='ocrx_word' id='word_1_108' title='bbox 1023 1676 1087 1739; x_wconf 83' lang='grc' dir='ltr'><em>σὺν</em></span> 
     </span>
     <span class='ocr_line' id='line_1_15' title="bbox 78 1780 1087 1868; baseline 0.002 -25"><span class='ocrx_word' id='word_1_109' title='bbox 78 1781 211 1868; x_wconf 83' lang='grc' dir='ltr'><em>αἰσχύνη</em></span> <span class='ocrx_word' id='word_1_110' title='bbox 243 1805 279 1847; x_wconf 90' lang='grc' dir='ltr'><em>τε</em></span> <span class='ocrx_word' id='word_1_111' title='bbox 310 1780 366 1848; x_wconf 87' lang='grc' dir='ltr'><em>καλ</em></span> <span class='ocrx_word' id='word_1_112' title='bbox 395 1782 476 1866; x_wconf 82' lang='grc' dir='ltr'><em>μετὰ</em></span> <span class='ocrx_word' id='word_1_113' title='bbox 502 1781 648 1866; x_wconf 81' lang='grc' dir='ltr'><em>μεγάλης</em></span> <span class='ocrx_word' id='word_1_114' title='bbox 674 1780 800 1866; x_wconf 82' lang='grc' dir='ltr'><em>βλάβης</em></span> <span class='ocrx_word' id='word_1_115' title='bbox 827 1780 1087 1864; x_wconf 83' lang='grc' dir='ltr'><em>ἀναγκασθῶσιν</em></span> 
     </span>
    </p>

    <p class='ocr_par' dir='ltr' id='par_1_8' title="bbox 16 1885 1127 1982">
     <span class='ocr_line' id='line_1_16' title="bbox 16 1885 1127 1982; baseline -0.005 -30"><span class='ocrx_word' id='word_1_116' title='bbox 16 1945 17 1982; x_wconf 42' lang='lat'>3</span> <span class='ocrx_word' id='word_1_117' title='bbox 77 1886 270 1974; x_wconf 78' lang='grc' dir='ltr'><em>ὑποχωρεῖν,</em></span> <span class='ocrx_word' id='word_1_118' title='bbox 297 1890 408 1954; x_wconf 80' lang='grc' dir='ltr'><em>ἔπειτα</em></span> <span class='ocrx_word' id='word_1_119' title='bbox 430 1885 486 1954; x_wconf 85' lang='grc' dir='ltr'><em>καλ</em></span> <span class='ocrx_word' id='word_1_120' title='bbox 508 1887 569 1970; x_wconf 75' lang='grc' dir='ltr'><em>τὴν</em></span> <span class='ocrx_word' id='word_1_121' title='bbox 593 1885 629 1952; x_wconf 78' lang='grc' dir='ltr'><em>ἐκ</em></span> <span class='ocrx_word' id='word_1_122' title='bbox 652 1897 710 1972; x_wconf 78' lang='grc' dir='ltr'><em>τῆς</em></span> <span class='ocrx_word' id='word_1_123' title='bbox 732 1888 894 1974; x_wconf 87' lang='grc' dir='ltr'><em>προτέρας</em></span> <span class='ocrx_word' id='word_1_124' title='bbox 916 1889 1010 1969; x_wconf 79' lang='grc' dir='ltr'><em>νίκης</em></span> <span class='ocrx_word' id='word_1_125' title='bbox 1031 1887 1087 1950; x_wconf 87' lang='grc' dir='ltr'><em>εύ-</em></span> <span class='ocrx_word' id='word_1_126' title='bbox 1102 1905 1127 1947; x_wconf 74' lang='grc' dir='ltr'><em>τε</em></span> 
     </span>
    </p>

    <p class='ocr_par' dir='ltr' id='par_1_9' title="bbox 16 1985 1087 2080">
     <span class='ocr_line' id='line_1_17' title="bbox 77 1987 1087 2080; baseline 0.001 -23.943"><span class='ocrx_word' id='word_1_127' title='bbox 77 1997 183 2060; x_wconf 91' lang='grc' dir='ltr'><em>κλειαν</em></span> <span class='ocrx_word' id='word_1_128' title='bbox 202 1993 400 2080; x_wconf 83' lang='grc' dir='ltr'><em>ἀφανίσωσι.</em></span> <span class='ocrx_word' id='word_1_129' title='bbox 436 1996 510 2060; x_wconf 91' lang='grc' dir='ltr'><em>τότε</em></span> <span class='ocrx_word' id='word_1_130' title='bbox 529 1990 590 2078; x_wconf 77' lang='grc' dir='ltr'><em>μέν</em></span> <span class='ocrx_word' id='word_1_131' title='bbox 609 1989 672 2060; x_wconf 84' lang='grc' dir='ltr'><em>οὖν</em></span> <span class='ocrx_word' id='word_1_132' title='bbox 690 1995 754 2078; x_wconf 79' lang='grc' dir='ltr'><em>ἥδη</em></span> <span class='ocrx_word' id='word_1_133' title='bbox 775 1993 857 2076; x_wconf 84' lang='grc' dir='ltr'><em>[καλ]</em></span> <span class='ocrx_word' id='word_1_134' title='bbox 876 1995 939 2077; x_wconf 80' lang='grc' dir='ltr'><em>γάρ</em></span> <span class='ocrx_word' id='word_1_135' title='bbox 954 1987 997 2076; x_wconf 76' lang='grc' dir='ltr'><em>ἦν</em></span> <span class='ocrx_word' id='word_1_136' title='bbox 1011 1990 1087 2078; x_wconf 80' lang='grc' dir='ltr'><em>περὶ</em></span> 
     </span>
    </p>

    <p class='ocr_par' dir='ltr' id='par_1_10' title="bbox 17 2085 1086 2187">
     <span class='ocr_line' id='line_1_18' title="bbox 78 2096 1086 2187; baseline 0.001 -23.943"><span class='ocrx_word' id='word_1_137' title='bbox 78 2100 169 2166; x_wconf 86' lang='grc' dir='ltr'><em>δύσιν</em></span> <span class='ocrx_word' id='word_1_138' title='bbox 187 2099 300 2184; x_wconf 79' lang='grc' dir='ltr'><em>ἡλίου·</em></span> <span class='ocrx_word' id='word_1_139' title='bbox 323 2098 494 2187; x_wconf 85' lang='grc' dir='ltr'><em>χαίροντές</em></span> <span class='ocrx_word' id='word_1_140' title='bbox 514 2123 549 2166; x_wconf 83' lang='grc' dir='ltr'><em>τε</em></span> <span class='ocrx_word' id='word_1_141' title='bbox 566 2099 623 2166; x_wconf 84' lang='grc' dir='ltr'><em>καλ</em></span> <span class='ocrx_word' id='word_1_142' title='bbox 640 2103 868 2179; x_wconf 80' lang='grc' dir='ltr'><em>παιανίζοντες</em></span> <span class='ocrx_word' id='word_1_143' title='bbox 886 2100 922 2165; x_wconf 87' lang='grc' dir='ltr'><em>οί</em></span> <span class='ocrx_word' id='word_1_144' title='bbox 932 2096 1086 2183; x_wconf 78' lang='grc' dir='ltr'><em>Ῥωμαῖοι</em></span> 
     </span>
    </p>

    <p class='ocr_par' dir='ltr' id='par_1_11' title="bbox 17 2185 443 2293">
     <span class='ocr_line' id='line_1_19' title="bbox 17 2185 443 2293; baseline -0.005 -19"><span class='ocrx_word' id='word_1_145' title='bbox 17 2185 19 2274; x_wconf 72' lang='grc' dir='ltr'><em>λ</em></span> <span class='ocrx_word' id='word_1_146' title='bbox 77 2206 443 2293; x_wconf 79' lang='grc' dir='ltr'><em>κατεστρατοπέδευσαν.</em></span> 
     </span>
    </p>

    <p class='ocr_par' dir='ltr' id='par_1_12' title="bbox 18 2301 1126 3144">
     <span class='ocr_line' id='line_1_20' title="bbox 18 2301 1085 2399; baseline 0.008 -28"><span class='ocrx_word' id='word_1_147' title='bbox 18 2301 76 2390; x_wconf 60' lang='lat'>{1563</span> <span class='ocrx_word' id='word_1_148' title='bbox 135 2312 255 2380; x_wconf 87' lang='lat' dir='ltr'>LXVI.</span> <span class='ocrx_word' id='word_1_149' title='bbox 305 2317 351 2399; x_wconf 77' lang='grc' dir='ltr'><em>Τη</em></span> <span class='ocrx_word' id='word_1_150' title='bbox 382 2311 412 2380; x_wconf 94' lang='grc' dir='ltr'><em>δ’</em></span> <span class='ocrx_word' id='word_1_151' title='bbox 445 2312 583 2399; x_wconf 87' lang='grc' dir='ltr'><em>ε’πιούση</em></span> <span class='ocrx_word' id='word_1_152' title='bbox 614 2312 710 2380; x_wconf 80' lang='grc' dir='ltr'><em>νυκτὶ</em></span> <span class='ocrx_word' id='word_1_153' title='bbox 741 2315 852 2397; x_wconf 71' lang='grc' dir='ltr'><em>ψόφος</em></span> <span class='ocrx_word' id='word_1_154' title='bbox 882 2308 910 2376; x_wconf 91' lang='grc' dir='ltr'><em>τ’</em></span> <span class='ocrx_word' id='word_1_155' title='bbox 947 2312 1085 2396; x_wconf 80' lang='grc' dir='ltr'><em>ἠκούετο</em></span> 
     </span>
     <span class='ocr_line' id='line_1_21' title="bbox 76 2417 1126 2508; baseline -0.001 -26.052"><span class='ocrx_word' id='word_1_156' title='bbox 76 2421 172 2497; x_wconf 87' lang='grc' dir='ltr'><em>πολύς</em></span> <span class='ocrx_word' id='word_1_157' title='bbox 191 2419 228 2486; x_wconf 87' lang='grc' dir='ltr'><em>έκ</em></span> <span class='ocrx_word' id='word_1_158' title='bbox 246 2429 307 2487; x_wconf 87' lang='grc' dir='ltr'><em>τοῦ</em></span> <span class='ocrx_word' id='word_1_159' title='bbox 325 2421 469 2508; x_wconf 83' lang='grc' dir='ltr'><em>χάρακος</em></span> <span class='ocrx_word' id='word_1_160' title='bbox 486 2431 553 2486; x_wconf 79' lang='grc' dir='ltr'><em>τῶν</em></span> <span class='ocrx_word' id='word_1_161' title='bbox 561 2417 724 2506; x_wconf 82' lang='grc' dir='ltr'><em>Ἑρνίκων</em></span> <span class='ocrx_word' id='word_1_162' title='bbox 737 2417 794 2485; x_wconf 81' lang='grc' dir='ltr'><em>καὶ</em></span> <span class='ocrx_word' id='word_1_163' title='bbox 811 2420 887 2504; x_wconf 81' lang='grc' dir='ltr'><em>βοή,</em></span> <span class='ocrx_word' id='word_1_164' title='bbox 905 2417 960 2484; x_wconf 85' lang='grc' dir='ltr'><em>καλ</em></span> <span class='ocrx_word' id='word_1_165' title='bbox 978 2421 1085 2486; x_wconf 83' lang='grc' dir='ltr'><em>πολλά</em></span> <span class='ocrx_word' id='word_1_166' title='bbox 1100 2441 1126 2481; x_wconf 82' lang='grc' dir='ltr'><em>ιο</em></span> 
     </span>
     <span class='ocr_line' id='line_1_22' title="bbox 78 2520 1086 2611; baseline 0.002 -22"><span class='ocrx_word' id='word_1_167' title='bbox 78 2520 223 2607; x_wconf 86' lang='grc' dir='ltr'><em>ίφαίνετο</em></span> <span class='ocrx_word' id='word_1_168' title='bbox 256 2522 336 2591; x_wconf 85' lang='grc' dir='ltr'><em>σέλα</em></span> <span class='ocrx_word' id='word_1_169' title='bbox 371 2525 563 2611; x_wconf 89' lang='grc' dir='ltr'><em>λαμπάδων.</em></span> <span class='ocrx_word' id='word_1_170' title='bbox 618 2525 820 2609; x_wconf 85' lang='grc' dir='ltr'><em>ἀπογνόντες</em></span> <span class='ocrx_word' id='word_1_171' title='bbox 852 2525 915 2610; x_wconf 80' lang='grc' dir='ltr'><em>γὰρ</em></span> <span class='ocrx_word' id='word_1_172' title='bbox 948 2527 996 2590; x_wconf 80' lang='grc' dir='ltr'><em>ἔτι</em></span> <span class='ocrx_word' id='word_1_173' title='bbox 1028 2525 1086 2591; x_wconf 89' lang='grc' dir='ltr'><em>άν-</em></span> 
     </span>
     <span class='ocr_line' id='line_1_23' title="bbox 76 2628 1085 2719; baseline 0.003 -26"><span class='ocrx_word' id='word_1_174' title='bbox 76 2628 179 2710; x_wconf 81' lang='grc' dir='ltr'><em>θέξειν</em></span> <span class='ocrx_word' id='word_1_175' title='bbox 213 2628 308 2719; x_wconf 80' lang='grc' dir='ltr'><em>ἑτέρα</em></span> <span class='ocrx_word' id='word_1_176' title='bbox 341 2631 428 2718; x_wconf 89' lang='grc' dir='ltr'><em>μάχη</em></span> <span class='ocrx_word' id='word_1_177' title='bbox 460 2636 653 2698; x_wconf 74' lang='grc' dir='ltr'><em>καταλιπεῖν</em></span> <span class='ocrx_word' id='word_1_178' title='bbox 684 2632 743 2696; x_wconf 87' lang='grc' dir='ltr'><em>τὸν</em></span> <span class='ocrx_word' id='word_1_179' title='bbox 775 2629 902 2716; x_wconf 89' lang='grc' dir='ltr'><em>χάρακα</em></span> <span class='ocrx_word' id='word_1_180' title='bbox 934 2632 1085 2714; x_wconf 80' lang='grc' dir='ltr'><em>ἔγνωσαν</em></span> 
     </span>
     <span class='ocr_line' id='line_1_24' title="bbox 77 2733 1086 2822; baseline 0.001 -23"><span class='ocrx_word' id='word_1_181' title='bbox 77 2737 335 2805; x_wconf 82' lang='grc' dir='ltr'><em>αὐτοκέλευστοι·</em></span> <span class='ocrx_word' id='word_1_182' title='bbox 357 2736 468 2805; x_wconf 77' lang='grc' dir='ltr'><em>καὶτὸ</em></span> <span class='ocrx_word' id='word_1_183' title='bbox 489 2745 633 2822; x_wconf 76' lang='grc' dir='ltr'><em>ποιῆσαν</em></span> <span class='ocrx_word' id='word_1_184' title='bbox 656 2735 767 2802; x_wconf 82' lang='grc' dir='ltr'><em>αὐτῶν</em></span> <span class='ocrx_word' id='word_1_185' title='bbox 790 2737 852 2821; x_wconf 79' lang='grc' dir='ltr'><em>την</em></span> <span class='ocrx_word' id='word_1_186' title='bbox 875 2734 1011 2814; x_wconf 86' lang='grc' dir='ltr'><em>ἀταξίαν</em></span> <span class='ocrx_word' id='word_1_187' title='bbox 1029 2733 1086 2802; x_wconf 80' lang='grc' dir='ltr'><em>καὶ</em></span> 
     </span>
     <span class='ocr_line' id='line_1_25' title="bbox 77 2837 1085 2930; baseline -0.002 -21"><span class='ocrx_word' id='word_1_188' title='bbox 77 2845 154 2929; x_wconf 77' lang='grc' dir='ltr'><em>βοὴν</em></span> <span class='ocrx_word' id='word_1_189' title='bbox 180 2841 269 2912; x_wconf 78' lang='grc' dir='ltr'><em>τοῦτ’</em></span> <span class='ocrx_word' id='word_1_190' title='bbox 297 2839 349 2928; x_wconf 78' lang='grc' dir='ltr'><em>ἦν.</em></span> <span class='ocrx_word' id='word_1_191' title='bbox 395 2845 440 2922; x_wconf 82' lang='grc' dir='ltr'><em>ὡς</em></span> <span class='ocrx_word' id='word_1_192' title='bbox 466 2845 529 2930; x_wconf 79' lang='grc' dir='ltr'><em>γάρ</em></span> <span class='ocrx_word' id='word_1_193' title='bbox 558 2843 689 2910; x_wconf 81' lang='grc' dir='ltr'><em>ἕκαστοι</em></span> <span class='ocrx_word' id='word_1_194' title='bbox 719 2843 893 2928; x_wconf 87' lang='grc' dir='ltr'><em>δυνάμεως</em></span> <span class='ocrx_word' id='word_1_195' title='bbox 915 2837 1007 2929; x_wconf 78' lang='grc' dir='ltr'><em>εἶχον</em></span> <span class='ocrx_word' id='word_1_196' title='bbox 1029 2839 1085 2908; x_wconf 81' lang='grc' dir='ltr'><em>καὶ</em></span> 
     </span>
     <span class='ocr_line' id='line_1_26' title="bbox 77 2947 1124 3037; baseline -0.003 -24"><span class='ocrx_word' id='word_1_197' title='bbox 77 2951 199 3037; x_wconf 86' lang='grc' dir='ltr'><em>τάχους,</em></span> <span class='ocrx_word' id='word_1_198' title='bbox 225 2953 370 3037; x_wconf 81' lang='grc' dir='ltr'><em>ἔφευγον</em></span> <span class='ocrx_word' id='word_1_199' title='bbox 393 2949 590 3035; x_wconf 79' lang='grc' dir='ltr'><em>ἐπιβοῶντές</em></span> <span class='ocrx_word' id='word_1_200' title='bbox 611 2947 639 3014; x_wconf 92' lang='grc' dir='ltr'><em>τ’</em></span> <span class='ocrx_word' id='word_1_201' title='bbox 668 2949 833 3033; x_wconf 75' lang='grc' dir='ltr'><em>ἀλλήλους</em></span> <span class='ocrx_word' id='word_1_202' title='bbox 860 2947 916 3014; x_wconf 83' lang='grc' dir='ltr'><em>καὶ</em></span> <span class='ocrx_word' id='word_1_203' title='bbox 943 2948 1084 3032; x_wconf 75' lang='grc' dir='ltr'><em>ἐπιβοώ-</em></span> <span class='ocrx_word' id='word_1_204' title='bbox 1098 2969 1124 3010; x_wconf 76' lang='grc' dir='ltr'><em>τε</em></span> 
     </span>
     <span class='ocr_line' id='line_1_27' title="bbox 77 3055 1085 3144; baseline -0.003 -21"><span class='ocrx_word' id='word_1_205' title='bbox 77 3079 178 3144; x_wconf 84' lang='grc' dir='ltr'><em>μενοι,</em></span> <span class='ocrx_word' id='word_1_206' title='bbox 204 3068 272 3124; x_wconf 80' lang='grc' dir='ltr'><em>τῶν</em></span> <span class='ocrx_word' id='word_1_207' title='bbox 295 3055 327 3124; x_wconf 90' lang='grc' dir='ltr'><em>δ’</em></span> <span class='ocrx_word' id='word_1_208' title='bbox 353 3055 626 3142; x_wconf 86' lang='grc' dir='ltr'><em>ὑπολειπομένων</em></span> <span class='ocrx_word' id='word_1_209' title='bbox 649 3058 705 3122; x_wconf 84' lang='grc' dir='ltr'><em>διδ</em></span> <span class='ocrx_word' id='word_1_210' title='bbox 728 3056 897 3144; x_wconf 88' lang='grc' dir='ltr'><em>τραύματα</em></span> <span class='ocrx_word' id='word_1_211' title='bbox 920 3055 941 3139; x_wconf 74' lang='grc' dir='ltr'>ἢ</span> <span class='ocrx_word' id='word_1_212' title='bbox 965 3057 1085 3132; x_wconf 87' lang='grc' dir='ltr'><em>νόσους</em></span> 
     </span>
    </p>
   </div>
   <div class='ocr_carea' id='block_1_3' title="bbox 143 3282 1082 3411">
    <p class='ocr_par' dir='ltr' id='par_1_13' title="bbox 143 3282 1082 3411">
     <span class='ocr_line' id='line_1_28' title="bbox 143 3282 1082 3411; baseline 0 -72"><span class='ocrx_word' id='word_1_213' title='bbox 143 3291 156 3339; x_wconf 95' lang='grc'>1</span> <span class='ocrx_word' id='word_1_214' title='bbox 175 3285 222 3341; x_wconf 79' lang='grc' dir='ltr'><em>ἀεὶ</em></span> <span class='ocrx_word' id='word_1_215' title='bbox 239 3283 307 3349; x_wconf 84' lang='grc' dir='ltr'><em>τέως</em></span> <span class='ocrx_word' id='word_1_216' title='bbox 319 3285 366 3338; x_wconf 84' lang='grc' dir='ltr'><em>Βε.</em></span> <span class='ocrx_word' id='word_1_217' title='bbox 385 3285 434 3340; x_wconf 84' lang='grc' dir='ltr'><em>ἀεί</em></span> <span class='ocrx_word' id='word_1_218' title='bbox 450 3283 500 3348; x_wconf 68' lang='grc' dir='ltr'><em>ἕως</em></span> <span class='ocrx_word' id='word_1_219' title='bbox 518 3285 544 3338; x_wconf 83' lang='lat' dir='ltr'><strong>B</strong></span> <span class='ocrx_word' id='word_1_220' title='bbox 598 3293 613 3340; x_wconf 75' lang='lat'>2</span> <span class='ocrx_word' id='word_1_221' title='bbox 630 3282 753 3410; x_wconf 55' lang='grc' dir='ltr'><em>μέροςθ</em></span> <span class='ocrx_word' id='word_1_222' title='bbox 772 3283 856 3355; x_wconf 88' lang='grc' dir='ltr'><em>κέρας</em></span> <span class='ocrx_word' id='word_1_223' title='bbox 875 3283 997 3411; x_wconf 67' lang='grc' dir='ltr'><em>δχΙοωτρ</em></span> <span class='ocrx_word' id='word_1_224' title='bbox 1051 3291 1082 3339; x_wconf 90' lang='grc'><em>11</em></span> 
     </span>
    </p>
   </div>
   <div class='ocr_carea' id='block_1_4' title="bbox 77 3351 1085 3570">
    <p class='ocr_par' dir='ltr' id='par_1_14' title="bbox 77 3351 1085 3570">
     <span class='ocr_line' id='line_1_29' title="bbox 77 3351 1083 3431; baseline 0.003 -25"><span class='ocrx_word' id='word_1_225' title='bbox 77 3353 181 3428; x_wconf 83' lang='grc' dir='ltr'><em>ἀν&lt;ακλ</em></span> <span class='ocrx_word' id='word_1_226' title='bbox 201 3356 342 3431; x_wconf 86' lang='grc' dir='ltr'><em>&gt;τικόνΒ</em></span> <span class='ocrx_word' id='word_1_227' title='bbox 436 3362 468 3411; x_wconf 84' lang='grc'><em>13</em></span> <span class='ocrx_word' id='word_1_228' title='bbox 487 3357 538 3411; x_wconf 81' lang='grc' dir='ltr'><em>σύν</em></span> <span class='ocrx_word' id='word_1_229' title='bbox 557 3373 611 3411; x_wconf 88' lang='lat' dir='ltr'><em>om.</em></span> <span class='ocrx_word' id='word_1_230' title='bbox 742 3363 774 3413; x_wconf 88' lang='grc'><em>16</em></span> <span class='ocrx_word' id='word_1_231' title='bbox 792 3354 855 3412; x_wconf 89' lang='grc' dir='ltr'><em>τότε</em></span> <span class='ocrx_word' id='word_1_232' title='bbox 874 3375 925 3426; x_wconf 92' lang='grc' dir='ltr'><em>μν</em></span> <span class='ocrx_word' id='word_1_233' title='bbox 945 3351 1007 3410; x_wconf 81' lang='grc' dir='ltr'><em>νύν·</em></span> <span class='ocrx_word' id='word_1_234' title='bbox 1028 3354 1083 3424; x_wconf 81' lang='grc' dir='ltr'><em>ἥδη</em></span> 
     </span>
     <span class='ocr_line' id='line_1_30' title="bbox 78 3424 1085 3500; baseline 0.003 -21"><span class='ocrx_word' id='word_1_235' title='bbox 78 3424 125 3496; x_wconf 81' lang='grc' dir='ltr'><em>γὰρ</em></span> <span class='ocrx_word' id='word_1_236' title='bbox 143 3444 165 3483; x_wconf 86' lang='grc' dir='ltr'><em>ο.</em></span> <span class='ocrx_word' id='word_1_237' title='bbox 220 3427 282 3482; x_wconf 79' lang='lat' dir='ltr'><strong>iske&#39;</strong></span> <span class='ocrx_word' id='word_1_238' title='bbox 300 3427 363 3483; x_wconf 90' lang='grc' dir='ltr'><em>τότε</em></span> <span class='ocrx_word' id='word_1_239' title='bbox 377 3427 428 3498; x_wconf 74' lang='grc' dir='ltr'><em>μὲν</em></span> <span class='ocrx_word' id='word_1_240' title='bbox 447 3425 498 3482; x_wconf 79' lang='grc' dir='ltr'><em>οδν</em></span> <span class='ocrx_word' id='word_1_241' title='bbox 515 3427 571 3496; x_wconf 70' lang='grc' dir='ltr'><em>ἤδη</em></span> <span class='ocrx_word' id='word_1_242' title='bbox 586 3427 703 3498; x_wconf 76' lang='grc' dir='ltr'><em>καὶγὰρ</em></span> <span class='ocrx_word' id='word_1_243' title='bbox 718 3427 740 3482; x_wconf 93' lang='grc' dir='ltr'><strong>Ο</strong></span> <span class='ocrx_word' id='word_1_244' title='bbox 797 3433 829 3482; x_wconf 80' lang='grc'><em>17</em></span> <span class='ocrx_word' id='word_1_245' title='bbox 844 3425 1085 3500; x_wconf 80' lang='grc' dir='ltr'><em>π&lt;αι&gt;ανίζοντες</em></span> 
     </span>
     <span class='ocr_line' id='line_1_31' title="bbox 77 3493 1015 3570; baseline -0.003 -16"><span class='ocrx_word' id='word_1_246' title='bbox 77 3493 98 3546; x_wconf 89' lang='grc' dir='ltr'>Β</span> <span class='ocrx_word' id='word_1_247' title='bbox 164 3505 198 3554; x_wconf 77' lang='lat'><em>24</em></span> <span class='ocrx_word' id='word_1_248' title='bbox 216 3507 299 3554; x_wconf 81' lang='grc' dir='ltr'><em>τοῦτο</em></span> <span class='ocrx_word' id='word_1_249' title='bbox 318 3493 354 3568; x_wconf 77' lang='grc' dir='ltr'><em>ἦν</em></span> <span class='ocrx_word' id='word_1_250' title='bbox 373 3515 427 3554; x_wconf 90' lang='lat' dir='ltr'><em>om.</em></span> <span class='ocrx_word' id='word_1_251' title='bbox 447 3497 606 3570; x_wconf 79' lang='grc' dir='ltr'><em>ΒεΙεῖχον</em></span> <span class='ocrx_word' id='word_1_252' title='bbox 625 3515 679 3556; x_wconf 87' lang='lat' dir='ltr'><em>om.</em></span> <span class='ocrx_word' id='word_1_253' title='bbox 697 3498 744 3552; x_wconf 84' lang='lat' dir='ltr'><em>Ba</em></span> <span class='ocrx_word' id='word_1_254' title='bbox 817 3504 851 3554; x_wconf 79' lang='lat'><em>25</em></span> <span class='ocrx_word' id='word_1_255' title='bbox 870 3497 896 3553; x_wconf 85' lang='grc' dir='ltr'><em>τ’</em></span> <span class='ocrx_word' id='word_1_256' title='bbox 918 3498 1015 3553; x_wconf 85' lang='lat' dir='ltr'><strong>0m.B</strong></span> 
     </span>
    </p>
   </div>
   <div class='ocr_carea' id='block_1_5' title="bbox 0 0 1298 3972">
    <p class='ocr_par' dir='ltr' id='par_1_15' title="bbox 0 0 1298 3972">
     <span class='ocr_line' id='line_1_32' title="bbox 0 0 1298 3972; baseline 0 1"><span class='ocrx_word' id='word_1_257' title='bbox 0 0 1298 3972; x_wconf 95' lang='lat' dir='ltr'><em> </em></span> 
     </span>
    </p>
   </div>
  </div>
 </body>
</html>
