2586 3972
180 237 248 302 240
605 237 771 286 -Η-

180 402 279 484 βαιάν
300 396 414 464 τεκαὶ
443 395 684 482 ἀμετακίνητον
706 396 744 462 ἑν
771 409 842 474 τοῖς
867 403 1015 482 κριθεῖσι
1040 394 1098 461 καὶ
1121 397 1196 462 οὑτε
1286 403 1287 408 ’

181 509 277 594 φόβφ
308 512 442 572 εἴκοντα
471 505 549 570 οὑτε
578 505 712 590 χάρισιν
737 504 1097 588 ὑποκατακλινόμενον.
1148 501 1197 567 ἀεὶ
1286 509 1287 515 ’

181 613 245 698 γάρ
283 611 429 677 ἐπαινῶν
460 611 563 677 αὑτὸν
593 609 650 676 καὶ
685 611 867 695 θαυμάζων
900 611 1039 676 διατελῶ
1071 619 1135 683 τοῦ
1166 632 1198 673 τε

181 723 350 804 φρονίμου
367 716 424 784 καὶ
441 728 500 802 τῆς
516 721 761 802 γενναιότητος,
782 717 826 800 ἣν
843 719 933 803 παρὰ
950 719 990 782 τὰ
1009 717 1107 782 δεινὰ
1126 718 1198 800 ἔχει.

158 827 322 910 ιγνώμην
349 822 378 889 τ’
404 825 465 910 οὑχ
493 823 626 910 ἑτέραν,
652 823 737 890 ἀλλὰ
764 823 820 890 καὶ
846 824 946 900 αὑτὸς
970 825 1098 906 ταύτην
1122 821 1199 887 νἰπο

186 933 373 1016 δείκνυμαι,
395 933 496 1016 μικρά
516 934 566 997 ἔτι
582 929 745 1016 προσθεὶς
766 930 862 1016 αὑτῇ,
884 931 906 995 ἅ
924 954 982 1015 μοι
999 935 1199 1015 παραλιπεῖν

144 1036 315 1114 2Ἅππιος
343 1037 461 1104 ἐδόκει.
496 1036 654 1124 Ἕρνικας
680 1034 742 1122 μὲν
769 1039 834 1123 γὰρ
860 1036 917 1103 καὶ
940 1041 1125 1121 Λατίνους,
1153 1027 1256 1112 οἷςιῖεῖ

182 1142 304 1210 νεωστὶ
327 1144 519 1229 δεδώκαμεν
540 1146 603 1228 τήν
625 1147 861 1226 ίσοαολιτειαν,
886 1141 959 1209 οὐδ’
986 1144 1088 1222 αὐτὸς
1111 1139 1201 1228 οἶμαι

184 1252 257 1316 δεῖν
275 1255 475 1336 κληρουχεῖν
492 1251 533 1315 τά
551 1247 701 1334 ἡμέτερα.
738 1250 780 1316 ού
797 1251 873 1335 γάρ,
891 1249 925 1328 ἑξ
944 1245 986 1315 οὗ
1003 1256 1200 1337 προσῆλθον

145 1386 171 1426 ιο
184 1359 232 1434 είς
252 1359 315 1442 τήν
337 1361 454 1442 φιλίαν
476 1356 570 1441 ἡμῖν,
591 1357 716 1440 ταύτην
738 1358 800 1440 τήν
821 1366 886 1441 γῆν
907 1357 1112 1441 κτησάμενοι
1134 1359 1202 1442 ἔχο-

185 1487 263 1549 μεν,
304 1462 388 1528 ἀλλὰ
428 1465 629 1545 παλαίτερον
667 1464 716 1527 ἔτι
755 1473 825 1539 τοῖς
860 1460 989 1528 ἑαυτῶν
1029 1464 1202 1539 κινδύνοις

186 1571 331 1647 οὐθενὸς
351 1570 458 1634 άλλου
479 1570 803 1653 προσωφελήσαντος
823 1567 1026 1654 ἀφελόμενοι
1047 1573 1132 1648 τοὺς
1152 1569 1201 1654 ε’χ-

185 1677 299 1761 θρούς.
342 1674 601 1759 ἀποκρινώμεθά
617 1671 647 1738 τ’
669 1674 793 1758 αὐτοῖς,
812 1675 863 1740 ὅτι
880 1677 939 1752 τὰς
956 1672 1019 1761 μὲν
1036 1679 1200 1761 πρότερον

185 1783 399 1868 ὑπαρχούσας
425 1779 507 1864 ἡμῖν
533 1783 678 1864 κτήσεις,
707 1780 787 1858 ὅσας
814 1779 946 1847 ἕκαστοι
973 1788 1123 1868 εἴχομεν,
1150 1783 1199 1846 ὅτε

145 1917 171 1958 τι
185 1891 247 1974 τήν
269 1891 385 1974 φιλίαν
413 1884 673 1970 συνετιθέμεθα,
701 1888 789 1964 ἰδίας
815 1911 850 1951 τε
877 1885 934 1952 καὶ
960 1880 1200 1973 ἀναφαιρέτους

186 1994 336 2072 ἑκάστοις
359 1995 413 2058 δεῖ
428 1991 554 2077 μένειν,
576 1992 666 2058 ὅσον
685 1990 716 2058 δ’
738 1995 792 2078 άυ,
815 1991 872 2079 ἀφ’
895 1990 937 2060 οὑ
954 1995 1013 2071 τὰς
1031 1997 1200 2078 συνθήκας
1286 1985 1287 1990 ¹

186 2101 429 2187 ἐποιησάμεθα,
456 2109 552 2185 κοινῇ
580 2102 836 2186 στρατεύσαντες
863 2100 900 2168 ἐκ
921 2100 1070 2186 πολέμου
1094 2105 1200 2189 κύριοι

185 2210 378 2293 γενώμεθα,
414 2207 542 2273 τούτων
580 2205 718 2291 ὑπάρξει
756 2211 794 2274 τὸ
834 2208 1015 2293 ἐπιβάλλον
1055 2207 1200 2284 ἑκάστοις

151 2315 294 2400 3λάχος.
349 2309 452 2380 ταῦτα
479 2314 555 2399 γάρ
571 2314 647 2379 οὔτε
674 2326 744 2391 τοῖς
775 2316 960 2400 συμμάχοις
993 2315 1037 2392 ὡς
1070 2315 1200 2381 ἀδικου-

147 2450 174 2490 εο
188 2419 300 2506 μένοις
318 2421 419 2506 ὀργῆς
436 2419 569 2505 παρίζει
588 2422 717 2498 δικαίας
734 2421 927 2507 προφάσεις,
946 2423 1022 2488 οὔτε
1042 2431 1089 2510 τῷ
1110 2425 1198 2509 δήμῳ
1286 2477 1287 2484 ,

188 2526 278 2612 δέος,
308 2529 353 2612 μή
377 2526 457 2614 δόξη
479 2528 520 2591 τὰ
542 2529 788 2614 κερδαλεώτερα
810 2532 875 2615 πρὸ
898 2539 966 2594 τῶν
988 2525 1200 2615 εὐπρεπεστέ-

168 2659 256 2720 ρων
284 2636 463 2721 αίρεῖσθαι.
507 2643 547 2719 τῇ
574 2658 609 2699 τε
632 2634 757 2720 αίρίσει
780 2647 847 2701 τῶν
871 2635 1021 2722 ἀνδρῶν,
1051 2637 1111 2713 οὑς
1125 2633 1199 2700 ’Ἁπ-

186 2765 261 2820 πιος
284 2741 379 2828 ήξίου
403 2741 536 2826 ὁριστὰς
563 2740 721 2826 γενέσθαι
748 2751 806 2827 τής
829 2744 990 2827 δημοσίας
1012 2751 1088 2827 γῆς,
1115 2743 1199 2808 πάνυ

187 2850 324 2917 εὐδοκῶ.
364 2849 494 2932 πολλήν
511 2848 574 2933 γὰρ
594 2847 674 2932 ἡμῖν
698 2847 790 2915 τοῦτ’
813 2855 897 2915 οίσει
915 2853 1105 2935 παρρησίαν
1122 2849 1199 2930 πρὸς

148 2982 174 3024 τε
187 2959 265 3034 τοὺς
287 2954 498 3040 δημοτικούς,
522 2951 592 3019 ἐπεὶ
610 2963 675 3019 νῦν
693 2952 723 3038 γ’
747 2957 909 3040 ἄχθονται
927 2952 998 3020 κατ’
1021 2955 1258 3040 άμφότερα,1690

92 3083 94 3088 ·
187 3061 243 3128 καὶ
271 3062 321 3128 ότι
349 3059 445 3126 αὐτοὶ
472 3072 539 3127 τῶν
568 3061 739 3144 δημοσίων
766 3058 871 3128 οὐδὲν
900 3037 1106 3128 ἀπολαύουσι
1129 3083 1199 3142 κτη-

260 3226 276 3274 3
296 3213 421 3274 ἐπαινῶν
440 3217 489 3272 καί
506 3215 662 3288 θαυμάζων
681 3217 768 3272 αὑτὸν
786 3219 809 3272 Β
872 3224 887 3272 ὃ
906 3218 1025 3292 ταύτην]
1044 3218 1095 3288 τὴν
1114 3216 1198 3284 αὑτήν

189 3307 212 3346 c.
231 3289 335 3344 Reiske
409 3297 423 3345 ’ί
444 3284 575 3343 ἐδόκειΟ
595 3290 678 3344 δοκεῖ
692 3307 715 3345 ο.
735 3289 857 3360 Sylburg
931 3297 963 3344 13
982 3290 1199 3360 ἀποκρινώμεθα

188 3360 235 3414 Ba
254 3360 470 3432 άποκρινόμεθοι
486 3361 509 3414 R
522 3361 745 3430 ἀποκρινώμεθα
760 3360 795 3430 δή
811 3377 835 3416 ο.
849 3361 958 3430 Kayser
970 3361 1042 3418 Ann.
1052 3361 1122 3431 phil.
1134 3363 1198 3414 1868

189 3451 215 3502 p.
232 3436 284 3486 816
357 3437 390 3485 20
409 3430 577 3503 προφάσεις]
596 3434 741 3501 πρόφασιν
764 3449 787 3488 c.
808 3433 898 3488 Cobet
917 3433 983 3489 Obs.
1001 3439 1095 3503 p.170
1165 3434 1197 3484 21

190 3502 419 3574 εόπρεπεστάταν
439 3502 461 3557 Ο
481 3519 550 3557 corr.
571 3501 693 3572 Sylburg
