2586 3972
204 248 270 314 258
628 251 798 302 -Η-

205 422 308 496 κρῶν,
330 413 377 489 είς
395 413 456 495 τὴν
476 410 644 495 ἐγγυτάτω
663 413 763 477 πόλιν
772 408 908 477 ’Ἀντιου
927 409 1115 491 ἀνέζευξαν·
1137 415 1222 479 ἔνθα

204 522 431 598 παιανίζοντες
454 515 507 584 ἐπὶ
531 526 570 603 τη
593 521 669 604 νίκη
688 515 743 582 καὶ
761 518 904 594 θύοντες
922 517 959 584 ἐν
978 520 1101 585 ἅπασιν
1120 521 1223 607 ίερολς

206 628 252 703 είς
275 627 455 701 εὐπαθείας
473 621 528 688 καὶ
551 622 675 706 ἡδονάς
694 635 765 701 ταίς
784 621 858 708 ἑξῆς
875 623 1012 711 ἡμέραις
1031 625 1222 708 ἐτράποντο.

168 733 237 798 2εί
262 730 324 819 μὲν
351 726 415 798 οὖν
447 729 500 796 ἐπὶ
527 739 585 814 τῆς
611 733 685 795 τότε
712 733 809 815 νίκης
837 731 1007 815 διέμειναν
1034 730 1090 798 καὶ
1117 731 1221 818 μηδὲν

176 837 494 924 ιέπεξειργάσαντο,
534 838 638 902 καλὸν
680 835 723 901 δν
760 837 873 914 αὐτοῖς
908 839 1037 922 εἰλήφει
1073 837 1170 916 τέλος
1205 841 1219 907 ό

203 945 304 1027 ἀγών.
344 942 497 1028 Ῥωμαῖοι
525 943 588 1028 γάρ
614 942 675 1008 οὐκ
698 941 741 1008 ἂν
763 941 946 1028 ὑπέμειναν
970 946 1018 1009 ἔτι
1040 951 1218 1030 προελθεῖν

205 1049 241 1115 ἐκ
263 1059 323 1116 τοῦ
345 1050 488 1135 χάρακος
512 1046 565 1114 ἐπὶ
588 1047 734 1138 πολέμῳ,
759 1048 929 1134 άγαπητὸν
952 1047 984 1114 δ’
1006 1049 1049 1115 δν
1072 1047 1172 1136 <ἦν>,
1195 1054 1220 1116 εί

204 1157 358 1241 ἀπῆλθον
389 1155 425 1221 ἐκ
456 1165 514 1240 τῆς
547 1159 722 1240 πολεμίας,
754 1160 926 1241 κρείττονα
957 1167 1018 1223 τοῦ
1049 1159 1218 1243 προδήλου

203 1263 355 1330 θανάτου
382 1262 443 1346 τὴν
471 1260 593 1340 άδοξον
615 1262 820 1347 ἡγησάμενοι
844 1265 966 1347 φυγήν.
1012 1273 1078 1329 νῦν
1102 1261 1139 1329 δὲ
1162 1275 1217 1331 τοῦ

163 1394 191 1434 10
203 1375 357 1446 πλείονος
387 1369 581 1454 ὀρεγόμενοι
610 1367 666 1434 καὶ
695 1370 757 1454 τὴν
788 1368 823 1434 ἐκ
851 1379 910 1453 τῆς
938 1369 1100 1455 προτέρας
1127 1375 1216 1456 νίκης

168 1478 306 1556 3δόξαν
328 1475 506 1561 ἀπέβαλον.
551 1475 729 1553 ἀκούοντες
752 1477 815 1560 γὰρ
838 1476 928 1562 παρά
948 1501 983 1543 τε
1002 1481 1266 1543 κατασκόπωνιιεε

202 1581 258 1650 καί
285 1595 353 1648 τῶν
382 1581 417 1647 ἐκ
445 1589 505 1648 τοῦ
532 1583 675 1668 χάρακος
699 1581 993 1668 ἀποδεδρακότων,
1021 1583 1072 1648 δτι
1100 1586 1214 1670 κομιδῇ

203 1689 233 1755 τ’
261 1688 346 1754 είσλν
370 1689 406 1754 οί
431 1687 596 1766 σωθέντες
613 1686 782 1772 Ῥωμαίων
810 1689 919 1773 ὀλίγοι
948 1688 1004 1755 καὶ
1031 1692 1161 1756 τούτων
1187 1691 1219 1756 οί

202 1801 337 1873 πλείους
366 1799 579 1880 τραυματίαι,
610 1796 738 1880 πολλὴν
761 1795 871 1861 αὐτῶν
902 1795 1101 1880 ἐποιήσαντο
1124 1821 1213 1862 κατα-
1277 1867 1278 1870 χ

164 1926 189 1967 15
204 1907 388 1990 φρόνησιν,
418 1901 473 1968 καὶ
501 1901 618 1968 αὐτίκα
640 1904 680 1968 τδι
704 1902 789 1968 όπλα
813 1901 1020 1988 ἁρπάσαντες
1043 1905 1143 1970 ἔθεον
1166 1900 1210 1968 ἐπ’
1277 1905 1278 1963 λ

204 2011 333 2087 αὐτούς.
378 2012 465 2075 πολὺ
494 2005 531 2074 δὲ
558 2005 612 2073 καί
640 2009 678 2074 τὸ
706 2009 854 2075 άνοπλον
878 2001 1037 2087 αιἰτοῐςὲ
1082 2019 1140 2095 τῆς
1161 2012 1213 2075 πό-

204 2121 287 2194 λεως
309 2118 418 2182 εἵπετο
442 2117 524 2181 κατδι
546 2113 632 2181 θέαν
654 2125 715 2182 τοῦ
734 2113 863 2198 άγῶνος
881 2114 936 2181 καὶ
955 2117 1023 2200 ἅμα
1042 2114 1095 2202 ἐφ’
1118 2116 1213 2202 διρπα-
1276 2165 1277 2168 ,

166 2225 267 2308 4γην
289 2247 323 2288 τε
346 2221 401 2288 καί
425 2221 597 2308 ὠφέλειαν.
643 2219 713 2287 ἐπεὶ
737 2217 775 2286 δὲ
791 2225 1039 2307 προσβαλόντες
1061 2226 1212 2312 τῷλόγῳ

203 2332 263 2394 τόν
294 2353 327 2393 τε
361 2329 486 2415 χάρακα
518 2325 736 2414 περιέστησαν
768 2326 824 2393 καὶ
853 2330 893 2394 τδι
925 2332 1213 2415 περισταυρώματα

164 2459 191 2500 εο
205 2438 349 2501 διασπᾶν
373 2435 575 2521 ἐπεχείρουν,
599 2445 725 2520 πρῶτοι
748 2431 810 2519 μὲν
833 2435 869 2500 οί
888 2445 956 2500 τῶν
974 2431 1142 2521 Ῥωμαίων
1164 2436 1177 2499 ί
1199 2475 1212 2483 -

201 2553 273 2619 πείς
301 2540 390 2621 πεζοὶ
418 2545 598 2628 μαχόμενοι
626 2542 682 2606 διά
709 2542 770 2626 τὴν
797 2550 858 2606 τοῦ
885 2544 1011 2628 χωρίου
1038 2545 1140 2628 φύσιν
1167 2540 1211 2620 ἐξ·

203 2649 348 2734 ἔδραμον
372 2645 421 2714 ἐπ’
444 2649 575 2732 αὐτούς,
600 2651 711 2713 ἔπειτα
729 2649 858 2715 τούτων
879 2652 1019 2717 κατόπιν
1044 2652 1080 2718 οί
1098 2648 1265 2716 κολούσειν

202 2780 297 2840 μενοι
329 2756 473 2840 τριάριοι
505 2756 737 2832 πυκνώσαντες
772 2757 850 2832 τοὺς
886 2759 1020 2842 λόχους·
1059 2753 1150 2824 οὗτοι
1178 2751 1206 2818 δ’

201 2861 288 2928 εἰσὶν
308 2863 342 2927 οί
362 2863 581 2948 πρεσβύτατοι
602 2873 668 2927 τῶν
688 2861 972 2947 στρατευομένων,
995 2855 1047 2941 οἷς
1065 2866 1104 2931 τὰ
1122 2881 1208 2946 στρα-
1274 2881 1275 2962 ρ

273 3087 585 3214 2π<αιῗανίζοντεςΒ
658 3095 674 3144 5
694 3084 1010 3162 ἕκεξ<ει>ργάσαντοΒ
1085 3099 1099 3148 7
1119 3086 1148 3145 ἔκ
1164 3095 1206 3143 τοῦ

202 3161 326 3233 χάρακος
346 3157 381 3216 ἐκ
411 3159 521 3233 πολέμῳ
547 3160 693 3230 ἀγαπητὸν
713 3178 767 3217 om.
786 3161 833 3215 Ba
857 3161 921 3218 add.
942 3163 1043 3233 Bbmg
1068 3158 1113 3218 ἐπὶ
1134 3159 1206 3215 πόλι·
1273 3165 1274 3212 ι

202 3239 273 3303 μονλ
301 3235 305 3302 Ι
335 3231 362 3286 εί
379 3247 433 3287 om.
451 3232 499 3285 Ba
517 3231 668 3300 ἀγαπητῶς
686 3231 714 3286 δ’
735 3231 772 3286 διν
791 3234 924 3301 ἀπῆλθον
944 3250 966 3288 ο.
985 3233 1128 3305 Kiessling
1145 3233 1206 3300 άγα-
1273 3215 1274 3297 δ

202 3303 292 3372 πητδν
311 3301 339 3356 δ’
362 3301 398 3357 διν
417 3295 453 3372 ἦν
471 3301 518 3358 vel
537 3303 683 3372 ἀγαπητὸν
703 3301 730 3357 δ’
751 3297 787 3372 ἦν
807 3321 831 3357 c.
850 3303 973 3375 Sylburg
1061 3312 1092 3359 12
1110 3312 1161 3358 τῶν
1179 3296 1204 3354 ἐι

201 3390 256 3428 om.
275 3374 322 3427 Ba
356 3377 360 3438 Ι
395 3374 649 3444 άποδεδρακόντων
673 3373 694 3428 G
718 3373 987 3445 ἀποδιδρασκόντων
1010 3376 1036 3429 R
1059 3376 1204 3441 άποδεδρα-
1272 3435 1273 3442 ¹

201 3443 291 3499 κότον
311 3443 400 3498 Cobet
419 3444 484 3500 Obs.
502 3463 522 3513 p
543 3451 592 3499 172
685 3452 718 3500 19
737 3445 772 3500 τδι
795 3445 876 3517 πέριξ
900 3449 1087 3520 σταυρώματα
1111 3441 1202 3512 0.sy1-
1272 3457 1273 3510 ζ

200 3516 275 3583 burg
293 3512 479 3583 περιέστασαν
498 3533 519 3571 ο,
537 3515 691 3572 cobet1.1.
