2656 3974
598 189 695 242 --Θ
732 219 766 228 -
1124 189 1189 254 387

174 345 275 416 ούδλυ
297 344 389 434 ὑγιὲς
411 360 676 437 φρονοῦντες-
695 352 848 435 φυλακήν
873 347 988 436 ἑτέραν
1010 348 1147 436 πέμψαι,
1169 351 1190 434 ή

174 457 288 540 ἔμελλε
312 453 356 522 δι’
379 454 561 541 ἀσφαλείας
578 453 664 534 ἕξειν
682 457 745 542 τήν
762 459 875 522 πόλιν·Ι
900 452 953 520 ἐπὶ
973 453 1003 520 δ’
1021 457 1191 535 Αἰκανοὺς

173 563 268 646 άγειν
291 563 352 646 τήν
376 563 534 647 στρατιὰν
557 564 616 628 τὸν
639 561 753 651 ἕτερον
776 573 844 629 τῶν
866 561 1002 628 ύπάτωυ
1022 564 1190 651 Σερούιον

175 668 340 755 Φούριον·
371 666 428 734 καὶ
451 668 578 752 ἐγίνετο
602 679 714 756 ταχεῖα
737 668 864 755 ἀμφοῖν
886 669 907 752 ἡ
931 666 1053 747 ἐξοδος.
1099 668 1135 735 οί
1156 666 1226 734 δ’4

172 771 316 841 Αἰκανοί
347 777 513 860 μαθόντες
542 773 784 858 ἐξεληλυθυῖαν
811 777 872 861 τήν
894 773 1064 859 Ῥωμαίων
1092 791 1190 858 στρα-
1218 797 1234 837 ε

172 879 258 962 τιάν,
278 879 478 958 ἀναστάντες
496 880 532 947 ἐκ
545 890 603 966 τής
611 879 773 968 Ἑρνίκων
787 869 938 968 ἐχώρουν
952 881 1066 958 αὐτοῖς
1079 882 1190 965 ὁμόσε.

173 985 244 1052 ἐπεὶ
272 984 301 1051 δ’
329 982 422 1053 εἶδον
450 985 629 1072 ἀλλήλους,
660 986 790 1072 ἐκείνην
819 983 879 1073 μὲν
907 988 969 1073 τήν
996 985 1123 1074 ἡμέραν
1149 987 1191 1052 ού

173 1095 259 1158 πολὺ
288 1093 479 1171 διαστάντες
506 1092 887 1179 κατεστρατοπέδευσαν,
914 1102 953 1179 τή
983 1091 1013 1159 δ’
1040 1091 1113 1178 ἑξῆς
1137 1092 1192 1159 ἐπί

172 1201 232 1264 τὸν
254 1199 381 1285 χάρακα
403 1210 470 1266 τῶν
487 1198 658 1285 Ῥωμαίων
681 1200 717 1266 οί
735 1197 888 1284 πολέμιοι
911 1195 993 1284 ἧκον
1016 1200 1191 1287 διάπειραν

173 1304 283 1370 αὐτῶν
306 1314 363 1388 τῆς
385 1307 519 1391 γνώμης
542 1309 733 1391 ληψόμενοι.
771 1306 815 1383 ώς
839 1303 870 1370 δ’
896 1305 958 1371 ούκ
980 1303 1119 1393 ἐξῄεσαν
1142 1290 1232 1404 είς15ο

105 1411 294 1497 ιοειμάχην,
317 1410 572 1499 ἀκροβολισμοῖς
593 1412 796 1499 χρησάμενοι
820 1410 875 1478 καὶ
893 1409 994 1478 οὐδὲν
1013 1411 1190 1496 ἀξιόλογον

173 1516 354 1603 δράσαντες
381 1520 446 1584 σὺν
473 1517 605 1607 μεγάλω
633 1516 795 1602 αὐχήματι
823 1516 986 1602 ἀπῆλθον.
1032 1519 1050 1585 ὁ
1075 1515 1189 1602 μέντοι

166 1620 336 1710 Ῥωμαίων
357 1623 482 1701 ύπατος
504 1623 647 1690 ἐκλιπών
670 1624 729 1689 τὸν
752 1623 881 1710 χάρακα
902 1631 942 1709 τῇ
966 1623 1118 1711 ἐπιούση·
1149 1626 1187 1690 τὸ

172 1731 235 1817 γάρ
258 1733 382 1819 χωρίον
405 1731 446 1797 ού
469 1733 545 1796 λίαν
564 1726 710 1814 ἀσφαλές
727 1725 785 1814 ἦν·
808 1732 1189 1819 μετεστρατοπεδεύσατο

173 1835 209 1901 ἐν
232 1834 494 1925 ἐπιτηδειοτέρῳ,
518 1837 603 1902 ἔνθα
625 1835 753 1923 τάφρον
777 1834 805 1902 τ’
829 1836 978 1923 ὠρύξατο
996 1834 1188 1922 βαθυτέραν
1203 1860 1229 1900 ιο

172 1941 228 2008 καί
259 1943 384 2030 χάρακα
417 1942 551 2028 ἐβάλετο
583 1942 800 2029 ὑψηλότερον.
851 1954 920 2020 τοῖς
951 1939 989 2008 δέ
1020 1945 1191 2028 πολεμίοις

172 2046 270 2115 ταῦθ’
299 2049 401 2135 ὁρῶσι
428 2052 514 2116 πολὺ
543 2048 672 2136 θράσος
692 2048 926 2135 προσεγένετο·
958 2046 1015 2114 καί
1037 2049 1084 2114 ἔτι
1107 2053 1189 2133 μᾶλ-

173 2158 250 2238 λον,
279 2152 392 2238 ἐπειδή
423 2156 592 2242 σύμμαχος
621 2154 734 2232 αὐτοῖς
764 2153 902 2239 ἀφίκετο
933 2155 1069 2239 στρατιά
1098 2155 1189 2242 παρὰ

172 2268 233 2326 τοῦ
263 2259 486 2326 Οὐολούσκων
515 2283 549 2326 τε
579 2258 634 2327 καὶ
657 2261 817 2325 Αἰκανῶν
844 2261 982 2345 ἔθνους,
1012 2256 1113 2326 οὐδὲν
1141 2262 1189 2326 έτι
1288 2343 1292 2348 .

172 2368 450 2452 διαμελλήσαντες
473 2365 596 2453 ἐπῆγον
618 2375 664 2457 τῷ
681 2364 852 2451 Ῥωμαίων
873 2367 1000 2454 χάρακι.
1200 2390 1230 2430 ου

239 2472 357 2540 LXIII.
389 2469 426 2537 ‘0
448 2470 478 2538 δ’
505 2473 629 2551 ύπατος
652 2471 919 2559 ἐνθυμούμενος,
941 2473 992 2540 δτι
1015 2474 1077 2540 ούκ
1100 2472 1188 2552 ἀξιό-

173 2603 275 2667 μαχος
306 2581 396 2645 ἐσται
428 2579 449 2664 ή
478 2583 542 2646 σὺν
569 2579 658 2668 αὐτῷ
685 2580 826 2664 δύναμις
853 2579 1077 2666 ἀγωνιζομένη
1105 2581 1189 2666 πρὸς

173 2686 343 2773 ἀμφότερα
364 2687 405 2752 τά
428 2688 523 2771 ἔθνη,
545 2684 664 2772 πέμπει
686 2687 779 2763 τινάς
798 2685 919 2754 ἐκτῶν
939 2684 1064 2753 ίππέων
1084 2687 1188 2773 γράμ-

172 2817 257 2877 ματα
282 2793 329 2870 είς
350 2793 411 2877 τήν
430 2789 556 2877 Ῥώμην
577 2794 783 2878 κομίζοντας,
806 2788 850 2858 δι’
874 2787 922 2858 ὧν
940 2791 1036 2877 ήξίου
1054 2803 1188 2880 ταχεῖαν

172 2898 285 2976 αὐτοῖς
307 2897 421 2964 ἐλθεῖν
445 2897 649 2986 ἐπικουρίαν,
668 2898 716 2980 Ιώς
733 2900 998 2984 κινδυνευούσης
1017 2898 1095 2983 ὅλης
1114 2900 1185 2964 δια·
1200 2915 1227 2958 2⁵

172 3011 346 3094 φθαρῆναι
367 3013 425 3090 τής
449 3007 512 3072 σὺν
535 3002 624 3092 αύτῷ
643 3013 806 3092 στρατιᾶς.
843 3003 934 3072 ταῦτ’
956 3004 1221 3091 ἐπιλεξάμενος2

245 3238 262 3285 4
285 3232 423 3304 φρούριον
440 3231 493 3285 ΑΒ
598 3239 613 3288 6
637 3230 678 3294 είς
695 3231 746 3301 τήν
766 3229 902 3301 Ἑρνίκων
922 3232 944 3286 Ο
967 3249 1036 3289 corr.
1056 3232 1187 3288 Gelenius

174 3310 190 3359 7
214 3302 355 3373 ώφθησάν
373 3323 404 3359 τε
422 3304 471 3358 καί
490 3300 567 3359 εἶδον
586 3321 609 3360 ο.
629 3302 791 3359 dubitanter
809 3303 931 3360 Kiesslin
1027 3310 1059 3360 19
1084 3301 1188 3367 ἔθνους

245 3374 370 3431 οδδδνΒ
456 3382 490 3431 20
514 3373 732 3445 διαμελήοαντες
748 3374 796 3432 Bb
877 3382 913 3430 22
933 3321 1008 3433 ἐστιν
1027 3376 1072 3430 Ba
1152 3380 1187 3430 λδ

173 3442 373 3518 ἐπιδεξάμενος
390 3446 416 3500 Α

973 3537 1026 3592 25*
