2674 3978
520 206 724 305 ΡΖ-
1104 255 1146 321 οι

129 420 242 504 πολλῷ
272 414 428 481 ἐλάττων
472 416 508 482 οί
532 416 595 502 γὰρ
619 413 784 481 Ἀντιάται
812 420 977 500 μαθόντες
1000 417 1148 504 ἐξεστρα-

129 520 309 607 τευμένους
327 521 494 607 πανδημεὶ
507 518 686 606 Ῥωμαίους
704 518 784 588 οὐδὲ
802 523 861 589 τὸν
880 523 1053 610 ἐλάχιστον
1072 525 1148 592 ἀντ-

130 629 229 716 έσχον
265 632 409 714 χρόνον,
452 629 604 712 δεόμενοι
642 625 680 693 δέ
714 625 770 694 καὶ
800 631 1017 716 λιπαροῦντες
1047 633 1087 696 τά
1114 656 1149 698 τε
1191 647 1196 654 “

131 738 266 821 σώματα
297 747 365 802 τῶν
397 733 548 801 ἁλόντων
580 739 793 802 Σικελιωτῶν
825 734 993 803 ἀπέδοσαν
1024 739 1080 803 καί
1110 740 1150 804 τὰ

69 846 293 929 ιεεοχρηματα,
312 839 389 908 ὥστ’
408 842 669 926 ἠναγκάσθησαν
690 843 725 908 οί
735 839 889 928 Ῥωμαῖοι
907 845 954 920 είς
971 845 1032 929 την
1050 847 1150 910 πόλιν
1177 869 1190 910 ε

130 947 345 1035 ἀναστρέψαι.

196 1054 382 1121 XXXVIII.
406 1059 636 1141 Διαλυθείσης
659 1052 696 1120 δὲ
718 1066 775 1142 τῆς
798 1067 950 1144 στρατιᾶς
973 1053 1071 1144 ὁμὲν
1091 1062 1151 1123 Σι-

130 1167 260 1240 κίννιος
274 1163 292 1229 ὁ
308 1164 476 1249 δήμαρχος
494 1163 694 1247 συναγαγὼν
711 1166 749 1230 τὸ
767 1169 897 1249 πλῆθος
915 1167 962 1242 είς
975 1164 1151 1250 ἐκκλησίαν

132 1281 292 1354 προεῖπεν
314 1267 453 1356 ἡμέραν,
476 1269 513 1336 ἐν
534 1263 557 1357 ᾖ
581 1275 752 1337 συντελεῖν
775 1272 889 1354 ἔμελλε
911 1272 974 1355 τὴν
991 1270 1067 1358 περὶ
1089 1282 1150 1338 τοῦ

131 1379 292 1461 Μαρκίου
321 1379 448 1460 κρίσιν·
479 1373 536 1441 καὶ
564 1376 740 1464 παρεκάλει
769 1378 848 1452 τούς
877 1399 911 1441 τε
941 1378 1022 1442 κατά
1051 1379 1150 1443 πόλιν
1164 1406 1191 1446 10

132 1482 342 1569 ὑπάρχοντας
371 1481 520 1568 ἀθρόους
541 1482 634 1565 ἥκειν
657 1479 711 1547 ἐπὶ
733 1482 795 1565 την
818 1482 1001 1565 διάγνωσιν
1023 1491 1080 1566 τῆς
1103 1485 1153 1549 δί-

133 1615 193 1676 κης
219 1589 276 1656 καὶ
304 1593 382 1666 τοὺς
410 1587 552 1654 ἐπὶτῶν
575 1587 688 1674 ἀγρῶν
712 1590 943 1672 διατρίβοντας
965 1587 1152 1674 ἀφεμένους

135 1709 201 1763 τῶν
229 1700 338 1783 ἔργων
365 1697 413 1772 είς
439 1696 500 1779 την
527 1695 632 1779 αὐτὴν
658 1692 785 1782 ἡμέραν
808 1693 975 1778 ἀπαντᾶν,
1002 1695 1046 1771 ὡς
1069 1691 1151 1780 ὑπὲρ

135 1804 328 1887 ἐλευθερίας
355 1800 410 1866 καὶ
438 1804 601 1886 σωτηρίας
625 1799 704 1884 ὅλης
727 1809 784 1884 τῆς
805 1802 932 1878 πόλεως
953 1802 1016 1885 τὴν
1038 1811 1153 1887 ψῆφον

135 1907 422 1993 ἀναληψομένους·
441 1910 647 1992 παρήγγελλε
662 1903 699 1971 δέ
712 1906 768 1973 καὶ
781 1916 827 1996 τῷ
841 1910 985 1997 Μαρκίῳ
998 1919 1153 1993 παρεῖναι
1167 1933 1193 1975 ιε

133 2019 217 2101 πρὸς
243 2017 305 2100 τὴν
334 2013 517 2098 ἀπολογίαν
540 2014 585 2090 ὡς
607 2013 745 2091 οὐδενὸς
767 2013 966 2100 ἀτυχήσοντι
988 2026 1056 2082 τῶν
1078 2013 1154 2099 περὶ

133 2125 192 2200 τὰς
217 2125 344 2205 κρίσεις
372 2123 532 2206 νομίμων.
578 2131 647 2197 τοῖς
670 2116 700 2185 δ’
722 2121 861 2198 ὑπάτοις
884 2120 991 2188 ἐδόκει
1014 2126 1189 2208 βούλευ-2

136 2227 293 2314 σαμένοις
320 2229 400 2313 μετά
427 2237 488 2293 τοῦ
511 2227 690 2312 συνεδρίου
713 2228 757 2311 μὴ
781 2236 941 2312 περιορᾶν
963 2229 1023 2293 τὸν
1046 2229 1154 2312 δῆμον

136 2335 288 2416 ἐξουσίας
309 2335 507 2418 τηλικαύτης
528 2333 648 2414 κύριον
670 2334 862 2416 γενόμενον.
899 2333 1018 2419 εύρητο
1042 2331 1073 2398 δ’
1096 2334 1154 2400 αύ-

135 2454 204 2520 τοῖς
227 2450 285 2526 τῆς
307 2442 481 2517 κωλύσεως
499 2439 633 2526 ἀφορμὴ
653 2440 764 2504 δικαία
782 2436 837 2504 καὶ
855 2441 1006 2524 νόμιμος,
1029 2433 1153 2528 ᾖχρώ-
1167 2468 1194 2509 εο
1233 2497 1237 2502 ,

136 2575 232 2634 μενοι
259 2549 367 2615 πάντα
396 2548 567 2613 διαλύσειν
591 2543 697 2634 ᾤοντο
720 2546 760 2610 τά
783 2557 850 2611 τῶν
873 2545 1052 2612 ἀντιδίκων
1074 2550 1154 2631 βου-

136 2659 291 2742 λεύματα.
324 2653 379 2720 καὶ
396 2655 475 2739 μετά
490 2662 588 2721 τοῦτο
603 2653 830 2737 παρεκάλεσαν
845 2655 892 2730 είς
905 2656 1026 2736 λόγους
1040 2650 1153 2717 ἐλθεῖν

77 2766 213 2840 ιεεοτοὺς
245 2764 486 2848 προεστηκότας
514 2769 575 2826 τοῦ
607 2761 715 2843 δήμου
749 2761 921 2825 συνόντων
948 2758 1060 2833 αὐτοῖς
1086 2768 1154 2822 τῶν

137 2869 340 2954 ἐπιτηδείων.
391 2865 445 2932 καὶ
482 2866 570 2945 ἔλεξε
602 2867 779 2950 Μηνύκιος
810 2865 936 2931 τοιάδε·
972 2861 1091 2948 Ἡμῖν,
1127 2857 1188 2938 ὦ3

137 2977 317 3061 δήμαρχοι,
345 2975 439 3039 δοκεῖ
463 2983 582 3061 χρῆναι
604 2974 666 3057 την
689 2973 805 3038 στάσιν
829 2970 1016 3050 ἐξελαύνειν
1039 2968 1075 3035 ἐκ
1098 2977 1155 3053 τῆς
1168 2994 1194 3037 εε

136 3086 264 3160 πόλεως
287 3081 397 3167 ἁπάση
421 3080 561 3164 δυνάμει
584 3077 639 3145 καὶ
662 3080 707 3164 μη
730 3083 933 3165 φιλονεικεῖν
956 3076 1088 3142 ἐναντία
1106 3087 1151 3167 τῷ

209 3249 222 3294 1
249 3239 322 3292 πολὺ
340 3240 366 3291 Α
387 3241 478 3310 πολλῷ
501 3236 525 3291 Β
599 3242 613 3291 7
639 3237 783 3306 στρατείας
805 3236 828 3289 Β
901 3241 917 3289 9
941 3231 1020 3289 εἶπεν
1040 3233 1062 3289 0
1086 3254 1155 3305 προ-

139 3318 216 3366 εῖπεν
236 3309 358 3363 Kiesslin
462 3314 496 3362 10
520 3307 593 3362 κατὰ
611 3307 663 3377 τὴν
681 3306 764 3362 πόλιν
787 3305 943 3361 Ambrosoh
967 3305 1004 3359 ad
1026 3305 1066 3373 ΙΙ,
1087 3312 1116 3375 9,
1138 3313 1152 3360 1

138 3390 167 3436 11
194 3383 311 3450 ἀθρόως
328 3327 381 3434 ΑΒ
399 3379 564 3450 ἀθρόουςῦ
662 3384 695 3433 19
717 3378 870 3448 γενόμενον
888 3375 968 3431 ABG
987 3376 994 3467 J
1015 3375 1153 3444 εύρετοΟ

136 3451 293 3522 praeterB
351 3457 383 3506 21
405 3451 548 3506 διαλύσειν
566 3451 589 3504 Β
609 3449 735 3505 διαλύειν
753 3449 780 3501 Β
837 3453 872 3503 24
890 3447 1028 3522 τ<οι>αδε
1045 3447 1069 3500 Β
1087 3449 1154 3517 ὑμῖν

136 3523 182 3580 Bb
239 3530 275 3579 26
295 3520 425 3576 ἀντάσιΑ
