2586 3972
185 262 253 326 230
610 264 777 314 -Η-

185 423 228 490 διν
251 420 341 490 ταῦτ’
365 425 586 511 εὐπορήσωσι,
608 423 706 502 τάξας
727 424 802 489 τινὰ
826 426 949 510 χρόνον
969 423 1102 508 ἡμερῶν
1122 422 1255 487 δυο-1673

185 533 245 617 γὰς
274 531 388 609 αὐτοῖς
417 530 532 598 ἐδίδου
563 540 623 598 τοῦ
653 527 809 614 πολέμου.
858 529 1135 615 ὑπηρετησάντων
1165 525 1193 592 δ’

186 637 301 714 αὐτοῖς
322 638 451 730 ἅπαντα
474 647 541 703 τῶν
558 635 719 720 Ἑρνίκων
738 637 795 702 διδι
813 636 933 722 τάχους
949 633 1006 702 καὶ
1024 637 1105 721 μετὰ
1122 657 1198 720 προ-

185 746 327 829 θυμίας,
355 740 409 808 καὶ
432 745 511 820 τούς
533 741 608 828 περὶ
632 752 689 828 τῆς
711 747 825 828 φιλίας
848 741 1102 827 διαλεξομένους
1124 742 1198 808 ἀπο-

159 851 388 917 ιστειλάντων
419 844 537 933 αὐθις,
567 848 742 928 ἐπαινέσας
771 851 893 928 αὐτοὺς
922 850 941 916 δ
969 849 1117 927 Κάσσιος
1145 848 1199 914 άν-

187 956 333 1041 έπεμψεν
361 953 414 1020 ἐπὶ
442 957 504 1039 τήν
532 958 670 1040 βουλήν.
715 967 785 1034 τοῖς
812 954 843 1021 δ’
870 955 907 1022 ἐκ
933 965 994 1022 τοῦ
1022 957 1198 1042 συνεδρίου

184 1064 291 1129 πολλὰ
318 1059 602 1148 βουλευσαμένοις
631 1062 723 1142 ἔδοξε
754 1061 911 1149 δέχεσθαι
942 1059 1003 1147 μδν
1035 1066 1115 1139 τούς
1146 1064 1199 1128 άν-

186 1170 268 1252 δρας
299 1171 347 1246 εἰς
364 1174 507 1255 φιλίαν,
539 1167 591 1256 ἐφ’
624 1161 674 1248 οἷς
706 1167 744 1236 δέ
777 1173 974 1254 γενήσονται
1002 1172 1144 1247 δικαίοις
1169 1169 1203 1234 αί

185 1279 268 1362 πρὸς
295 1275 417 1354 αὐτοὺς
446 1283 630 1362 συνθῆκαι,
657 1277 809 1344 Κάσσιον
835 1279 895 1344 τὸν
921 1277 1051 1343 ὑπατον
1079 1278 1203 1360 γνῶναί

146 1405 173 1448 ιο
185 1407 220 1449 τε
247 1381 302 1450 καὶ
331 1393 459 1468 στῆσαι,
486 1383 505 1449 ὅ
529 1408 562 1450 τι
585 1381 616 1450 δ’
648 1383 692 1450 ὐλν
719 1383 835 1473 έκείνφ
867 1383 964 1470 δόξη,
996 1381 1086 1450 τοῦτ’
1117 1378 1201 1448 εἷναι

186 1494 282 1576 σφίσι
304 1492 431 1577 κύριον.

159 1673 161 1678 ¹
252 1596 420 1663 LXVIIII.
475 1602 585 1664 Ταῦτα
617 1605 674 1683 ’τῆς
706 1602 830 1683 βουλῆς
861 1595 1093 1682 ψηφισαμένης
1125 1595 1199 1661 άνα-

186 1700 329 1788 στρέψας
355 1706 403 1780 είς
429 1705 491 1789 τήν
517 1707 618 1771 πόλιν
646 1705 664 1771 ὑ
688 1704 836 1781 Κάσσιος
856 1707 1026 1790 θρίαμβον
1049 1704 1199 1786 κατάγειν

185 1808 281 1893 ἠξίου
311 1810 470 1896 δεύτερον
503 1811 547 1888 ὡς
578 1812 617 1876 τδ
646 1809 783 1896 μέγιστα
812 1822 880 1876 τῶν
910 1809 1022 1876 ἐθνῶν
1051 1831 1198 1896 κεγειρω

146 1938 172 1980 15
186 1914 297 2000 μένος,
318 1916 428 2004 χάριτι
451 1921 579 2002 μᾶλλον
603 1916 756 2004 ἁρπάζων
774 1919 812 1983 τὸ
835 1920 947 2002 τίμιον
969 1915 990 2001 ή
1013 1925 1059 2005 τῷ
1085 1918 1250 2004 δικαίφισιι
1278 1933 1279 1975 ι

186 2024 382 2110 λαμβάνων,
411 2023 447 2101 ὃς
474 2025 551 2090 οὐτε
579 2027 691 2100 πόλεις
718 2023 800 2089 κατὰ
829 2023 949 2108 κράτος
971 2021 1057 2090 ἑλὼν
1082 2023 1118 2089 έκ
1139 2045 1198 2087 τει-
1277 2089 1278 2126 ρ

185 2134 359 2216 γομαηίας,
387 2128 459 2196 οὐτ’
486 2130 523 2196 έν
551 2131 707 2220 ὑπαίθρῳ
736 2129 824 2216 μάχη
851 2130 1008 2215 στρατιάν
1036 2132 1198 2214 πολεμίων
1277 2129 1278 2151 ’

185 2237 390 2321 τρεψάμενος
416 2237 608 2324 αἰχμάλωτα
634 2234 690 2302 καὶ
713 2243 836 2320 σκῦλα,
864 2228 915 2314 οἷς
936 2247 1106 2322 κοσμεῖται
1128 2237 1198 2321 θρί-
1276 2249 1277 2325 η

185 2346 305 2427 αμβος,
333 2346 447 2429 ἔμελλε
475 2345 640 2428 κατάγειν.
690 2343 860 2430 τοιγάρτοι
890 2342 992 2422 δόξαν
1022 2343 1197 2418 αὐθαδείας

147 2470 174 2514 εο
187 2446 242 2513 καὶ
274 2459 334 2516 τοῦ
365 2446 471 2534 μηδὲν
500 2452 548 2516 ἔτι
576 2461 643 2516 τῶν
672 2449 799 2533 ὁμοίων
825 2461 894 2528 τοῖς
921 2451 1035 2527 ἄλλοις
1064 2459 1196 2535 φρονεῖν

132 2545 285 2627 ι2τούτο
308 2556 346 2620 τὸ
369 2557 469 2641 ἔργον
492 2555 582 2643 αὐτῷ
610 2567 743 2642 πρῶτον
772 2558 935 2640 [φθόνον]
959 2557 1088 2639 ἤνεγκε.
1134 2557 1197 2621 δια·
1274 2583 1275 2675 η

186 2660 395 2748 πραξάμενος
421 2659 460 2728 δὲ
482 2664 542 2728 τὸν
565 2665 736 2748 θρίαμβον
760 2661 849 2750 αὑτῷ
874 2663 1020 2746 δοθῆναι
1043 2663 1102 2740 τάς
1123 2663 1197 2747 πρὸς

181 2765 334 2855 Ἕρνικας
366 2767 542 2852 ἐξήνεγκεν
574 2769 767 2854 ὁμολογίας·
799 2764 897 2834 αὗται
930 2762 960 2833 δ’
995 2764 1082 2853 ἦσαν
1115 2768 1196 2834 ἀντί·
1273 2761 1274 2849 λ

187 2900 312 2962 γραφοι
334 2885 402 2942 τῶν
424 2877 507 2961 πρὸς
529 2879 696 2954 Λατίνους
723 2873 929 2960 γενομένων,
956 2873 1008 2961 ἐφ’
1037 2867 1090 2953 αἶς
1115 2876 1196 2941 πάνυ
1272 2925 1273 2932 1

146 3006 174 3048 τι
187 2984 334 3068 ήγθοντο
372 2983 408 3048 οί
440 2982 666 3067 πρεσβύτατοί
694 3005 728 3048 τε
760 2980 816 3048 καὶ
848 2983 1038 3066 τιμιώτατοι
1069 2980 1124 3048 καὶ
1155 2975 1193 3045 δι’
1272 2935 1273 3023 δ

186 3089 333 3169 ὑποψίας
356 3089 460 3155 αὐτὸν
483 3087 673 3174 ἐλάμβανον
695 3089 756 3185 οὐκ
779 3088 950 3168 ἀξιοῦντες
977 3099 1035 3174 τῆς
1063 3095 1134 3172 ίσης
1155 3110 1195 3151 τι·

260 3251 274 3300 1
295 3244 469 3317 εὐπορήσωσι
488 3245 511 3300 0
535 3245 565 3300 in
590 3246 613 3300 Β
633 3248 700 3301 ante
719 3265 732 3301 ε
750 3262 850 3301 rasura
868 3253 938 3302 2-3
957 3245 1117 3300 litterarum
1134 3263 1194 3313 σιμ

187 3318 322 3386 πορίσωσι
340 3333 364 3371 ο.
387 3315 532 3387 Kiessling
550 3319 685 3388 πορίσωσι
703 3317 778 3385 Prou
842 3323 927 3372 θεοῦ
947 3334 1032 3386 supra
1050 3317 1138 3372 lin.B
1178 3319 1194 3365 4

188 3394 237 3456 τῆς
256 3387 362 3442 add.B
452 3394 486 3443 10
505 3390 615 3460 στῆσαι]
636 3389 868 3457 καταστήσασθαι
886 3406 910 3443 c.
929 3387 1034 3444 Reiske
1118 3394 1148 3442 21
1165 3384 1192 3438 τύ
1268 3405 1270 3450 γ

187 3457 331 3599 &gisem
351 3467 463 3552 πρῶτον
483 3459 598 3528 φθόνον
618 3457 640 3513 Ο
664 3459 797 3533 πρῶ<τον
817 3460 954 3533 φθύ>νον
973 3461 995 3516 Β
1015 3460 1127 3529 φθόνον
1144 3454 1191 3511 dol.
1269 3453 1270 3548 η

1253 3725 1268 3947 ί
