2586 3972
620 227 786 276 ..Η-

197 385 253 452 καὶ
278 386 340 470 την
367 387 521 472 φυλακην
549 396 617 452 τῶν
644 387 759 470 νόμων
788 385 928 470 ἀκρατός
949 406 986 448 τε
1008 381 1062 450 καὶ
1085 381 1202 466 ἀταρά-

197 510 329 570 πειστος
345 492 402 558 καὶ
420 489 525 559 οὐθὲν
539 501 586 580 τῷ
607 491 746 558 ἐπιεικεῖ
764 492 907 558 διδοῦσα
925 489 1100 575 ἀποτομία·
1125 486 1205 554 ἔοικέ

197 595 226 666 τ’
253 597 377 685 ἀληθὲς
399 595 547 666 εἶναιτὸ
569 600 636 666 ὑπὸ
658 611 726 665 τῶν
749 598 897 684 ἀρχαίων
917 599 1100 682 λεγόμενον
1117 600 1204 680 φιλο

198 710 326 793 σόφων,
357 707 408 772 ὅτι
440 705 615 792 μεσότητές
645 707 747 790 είσιν,
779 700 851 770 ἀλλ’
885 704 947 772 οὐκ
976 703 1151 790 ἀκρότητες
1175 700 1207 765 αί

171 825 265 880 ετῶν
288 813 385 897 ἠθῶν
407 813 536 899 ἀρεταί,
563 813 703 898 μάλιστα
726 809 757 878 δ’
783 812 805 896 ἡ
833 812 1041 896 δικαιοσύνη.
1087 810 1205 893 οὐγὰρ

199 923 305 1004 μόνον
323 918 519 985 ἐλλείπουσα
538 929 598 986 τοῦ
616 922 751 1005 μετρίου
769 917 929 1004 πέφυκεν,
947 918 1032 984 ἀλλὰ
1045 915 1205 999 καίὺπερ-

199 1026 369 1110 βάλλουσα
392 1025 505 1104 αὐτοῖς
527 1023 556 1090 τ’
577 1025 618 1091 οὐ
636 1028 819 1110 λυσιτελής,
842 1023 913 1092 ἀλλ’
936 1028 1027 1090 ἔστιν
1048 1021 1254 1090 ὅτ’,αίτίαιειι

200 1131 352 1216 μεγάλων
382 1143 583 1218 συμφορῶν,
614 1129 669 1198 καὶ
698 1134 745 1210 είς
775 1132 944 1209 θανάτους
976 1134 1129 1217 οἰκτροὺς
1158 1125 1206 1192 καὶ

165 1238 307 1323 3λάμας
329 1236 530 1322 ἀνηκέστους
549 1237 830 1325 καταστρέφουσα.
874 1239 1033 1325 Μάρκιόν
1055 1234 1087 1320 γ’
1116 1230 1205 1302 οὐδὲν

162 1369 187 1408 10
200 1338 243 1428 ἦν
266 1342 380 1430 ἕτερον
402 1345 479 1430 ἀρα,
502 1343 520 1410 ὃ
538 1353 597 1429 τῆς
613 1346 772 1430 πατρίδος
790 1343 927 1428 ἐξήλασε
944 1342 999 1410 καὶ
1017 1356 1086 1410 τῶν
1105 1345 1206 1410 ἀλλων

201 1449 341 1534 ἀγαθῶν
370 1449 536 1533 ἀνόνητον
564 1449 735 1535 ἐποίησεν,
763 1449 784 1535 ἢ
812 1453 850 1516 τὸ
874 1447 1007 1536 ἀκριβὲς
1032 1449 1090 1516 καὶ
1112 1451 1206 1532 ἀκρον

201 1558 342 1622 δίκαιον.
387 1568 457 1635 τοῖς
485 1580 520 1622 τε
543 1558 606 1643 γάρ
630 1558 788 1641 δημόταις
809 1564 912 1622 εἴκειν
935 1559 975 1622 τδι
998 1554 1115 1644 μέτρια
1138 1554 1206 1622 δίον

201 1659 256 1726 καὶ
280 1659 409 1746 ἐφιέναι
431 1685 464 1727 τι
486 1673 558 1740 ταῖς
576 1662 769 1746 ἐπιθυμίαις
789 1661 846 1729 καὶ
864 1665 904 1728 τδι
921 1675 1035 1750 πρῶτα
1053 1660 1206 1750 φέρεσθαι

201 1765 278 1855 παρ’
305 1767 430 1851 αὐτοῖς,
452 1769 515 1834 οὐκ
536 1770 724 1853 ἠβουλήθη,
746 1768 831 1834 ἀλλά
853 1772 937 1857 πρὸς
959 1771 1089 1836 ἅπαντα
1110 1771 1151 1834 τδι
1169 1767 1206 1851 μὴ

163 1898 188 1940 15
202 1877 313 1941 δίκαια
336 1873 519 1958 ἀντιλέγων
542 1887 637 1960 μῖσος
658 1878 771 1962 ἤγειρε
789 1874 844 1941 καὶ
868 1875 1034 1961 ἐξηλάσθη
1058 1879 1141 1962 πρὸς
1158 1873 1206 1940 αὐ-

202 1994 282 2048 τῶν·
314 1991 372 2066 της
401 2005 434 2047 τε
466 1982 692 2048 Οὐολούσκων
720 1986 917 2068 στρατηγίας
945 1984 1050 2061 εὐθὺς
1077 1985 1144 2068 άμα
1169 1986 1206 2066 ιβ

203 2090 359 2155 διαλῦσαι
387 2090 446 2154 τὸν
473 2091 620 2172 πόλεμον
648 2087 877 2172 ἀπαλλαγῆναι
904 2091 1013 2176 παρὸν
1043 2088 1099 2156 καὶ
1127 2109 1207 2174 μετε-

202 2196 387 2278 νέγκασθαι
409 2196 471 2280 την
495 2201 627 2280 οἴκησιν
650 2183 792 2281 ἑτέρωσέ
811 2216 880 2280 ποι,
902 2194 984 2274 τέως
1006 2195 1048 2262 ἀν
1072 2196 1092 2280 ἡ
1115 2197 1206 2262 κάθο-
1245 2236 1247 2242 -

41 2373 47 2386 ,
204 2302 263 2377 δος
286 2301 375 2387 αθτςῖ
398 2302 487 2388 δοθη
510 2302 576 2368 ὑπὸ
599 2309 656 2385 τῆς
682 2302 856 2388 πατρίδος,
882 2301 938 2368 καὶ
968 2305 1013 2388 μὴ
1036 2311 1206 2390 παρασχεῖν

165 2431 191 2470 ιο
205 2406 307 2472 αὑτὸν
331 2406 462 2495 ἐχθρῶν
486 2407 678 2493 ἐπιβουλαῖς
694 2401 756 2473 Ικαὶ
775 2409 884 2494 ὄχλων
903 2409 1063 2494 ἀμαθίαις
1082 2410 1207 2487 σκοπόν,

203 2513 266 2579 οὐκ
288 2512 444 2599 ἠξίωσεν,
472 2511 543 2581 ἀλλ’
570 2514 767 2580 ὑπεύθυνον
794 2517 946 2601 οἰόμενος
969 2518 1042 2590 δεῖν
1065 2519 1102 2583 τὸ
1126 2527 1207 2600 σῶμα

203 2632 385 2707 παρασχεῖν
403 2633 472 2699 τοῖς
489 2625 721 2687 πεπιστευκόσι
739 2622 800 2706 τὴν
819 2621 925 2708 ἀρχὴν
943 2621 998 2688 καὶ
1018 2626 1121 2708 λόγον
1140 2623 1207 2688 ἀπο-

109 2793 133 2816 ,,
204 2730 286 2806 δοὺς
315 2723 363 2794 ὧν
386 2726 503 2814 ἔπραξε
521 2728 607 2793 κατὰ
634 2728 695 2812 την
721 2727 919 2814 ἡγεμονίαν,
950 2735 984 2795 εί
1006 2752 1038 2795 τι
1065 2728 1256 2816 φαίνοιιοιωῖ

204 2836 330 2902 ἀδικῶν
358 2836 419 2920 τὴν
445 2835 528 2900 κατδι
555 2838 681 2919 νόμους
708 2834 867 2921 ὑποσχεῖν
882 2837 1010 2921 δίκην,
1039 2845 1097 2920 τῆς
1119 2838 1207 2922 ἀκριις

165 2961 191 3002 ιε
206 2943 421 3026 δικαιοσύνης
443 2941 484 3007 οὐ
506 2943 630 3018 καλοὺς
653 2937 795 3027 ἀπέλαβε
818 2943 972 3025 μισθούς.

278 3069 292 3118 1
312 3062 425 3134 άκριτος
443 3061 544 3116 Suidas
617 3067 633 3116 5
651 3059 786 3118 λείποντα
805 3062 907 3117 Suidas
933 3067 936 3128 Ι
961 3061 1072 3132 πέφυκε
1090 3058 1208 3118 λιπεῖνΑ

205 3141 221 3189 9
242 3134 378 3206 Μάρκιον
397 3133 428 3188 δὲ
449 3133 471 3188 Ο
490 3135 603 3203 μενοῖεν
620 3133 643 3187 Β
736 3141 768 3188 12
787 3154 817 3188 τε
836 3134 900 3189 add.
916 3134 939 3186 B
1030 3140 1062 3188 13
1081 3134 1130 3189 καὶ
1147 3131 1207 3188 οὕτω

204 3205 240 3260 τδι
258 3213 355 3275 πρῶτα
378 3222 401 3261 ο.
421 3203 510 3259 Cobet
529 3203 595 3262 Obs.
614 3223 641 3274 p.
664 3211 715 3260 166
808 3213 841 3260 14
859 3204 1095 3279 <ίχ>βουληθηΒ
1180 3203 1207 3254 15

207 3341 375 3470 ίξηλὲαβθη
394 3347 417 3400 Β
537 3351 569 3400 18
588 3365 638 3401 ποι
654 3390 659 3402 .
675 3344 727 3416 ἕως
744 3346 768 3400 Β
791 3275 860 3410 τάίδά
887 3348 948 3404 οοδ.
961 3346 1157 3422 -Ρεὶιοεοίεοιιε
1177 3341 1207 3396 cf.

206 3416 271 3471 Men
293 3417 406 3472 essohn
424 3417 495 3472 Mus.
514 3417 603 3472 Rhen.
623 3424 807 3487 38‚126eqs.
828 3417 878 3481 ἕως
896 3419 922 3473 R
1022 3425 1055 3474 19
1075 3418 1169 3484 δοθείη
1187 3411 1206 3466 0

207 3489 283 3558 δοθη
303 3488 364 3544 eod.
383 3487 577 3542 Peirescianus
596 3490 625 3542 οδ
643 3487 788 3558 Kiessling
