2660 3976
552 269 720 318 ,Η-

122 423 294 510 Ῥωμαίων
313 425 535 511 ἠδικημένους
548 426 604 492 καὶ
618 426 749 513 μάλιστ’
762 429 875 506 αὐτοῖς
888 429 1150 515 ἀπεχθομένους,

127 535 184 599 ἴνα
211 540 308 618 κοινῇ
336 531 411 617 μεθ’
440 534 536 618 ὑμῶν
562 539 813 621 τιμωρησαίμην
840 535 978 620 αὐτούς,
1006 537 1066 622 ὅση
1094 562 1150 622 μοι

130 641 289 724 δύναμις,
311 642 424 723 λόγοις
445 637 490 725 τ’,
513 643 598 706 ἔνθα
620 643 675 707 δεί
695 645 821 727 λόγων,
844 640 900 707 καὶ
923 646 1047 730 ἔργοις,
1071 643 1151 709 ὅταν

130 749 238 831 ἔργων
267 744 336 832 δέη.
385 747 546 833 χάριν-τε
573 749 636 832 τὴν
663 749 810 833 μεγάλην
837 749 962 835 <ῦμίν>
990 744 1067 815 οίδα
1094 759 1152 834 της

128 852 164 919 θ’
191 854 361 939 ὑποδοχῆς
388 878 454 938 μου
481 852 537 920 καὶ
560 857 608 920 ἔτι
631 860 758 940 μᾶλλον
780 865 838 940 τῆς
860 865 969 942 τιμῆς,
997 850 1018 942 ᾗ
1041 879 1081 941 με
1103 880 1151 921 τι-
1178 877 1191 918 5

128 970 210 1045 μᾶτε
234 956 341 1026 οὐθὲν
360 961 436 1026 οὔτε
455 963 758 1046 μνησικακήσαντες
776 960 852 1028 οὔθ’
870 963 1151 1048 ὑπολογισάμενοι

129 1061 178 1134 ὧν
205 1063 262 1134 ὑπ’
291 1066 372 1152 ἐμοῦ
399 1071 561 1152 πολεμίου
584 1064 662 1133 ποτὲ
687 1070 784 1146 ὄντος
807 1068 947 1136 ἐπάθετε
969 1072 1052 1135 κατὰ
1074 1074 1152 1148 τοὺς

128 1172 303 1259 πολέμους.

196 1279 273 1344 VII.
303 1276 390 1365 Φέρε
414 1281 467 1364 δή,
491 1283 540 1356 τίς
567 1279 610 1346 ἀν
633 1286 706 1364 είην
728 1279 830 1367 ἀνήρ,
852 1282 884 1345 εί
906 1280 1004 1366 δόξης
1026 1281 1082 1347 καὶ
1104 1307 1151 1348 τι-

129 1411 217 1471 μον,
254 1380 303 1452 ὧν
336 1384 487 1472 προσῆκέ
516 1410 573 1470 μοι
605 1388 694 1473 παρὰ
725 1398 796 1464 τοῖς
827 1386 972 1472 ἐμαυτοῦ
1002 1392 1152 1466 πολίταις
1166 1412 1192 1451 10

128 1493 321 1578 τυγχάνειν,
343 1493 432 1579 παρὰ
451 1504 519 1558 τῶν
538 1488 576 1558 εὖ
595 1496 777 1559 παθόντων
796 1493 1047 1581 ἀποστερηθείς,
1069 1497 1152 1582 πρὸς

129 1595 167 1664 δὲ
190 1600 322 1676 τοῦτοις
343 1600 503 1684 πατρίδος
525 1622 560 1665 τε
582 1597 638 1664 καὶ
661 1605 756 1665 οίκου
779 1599 835 1666 καὶ
858 1605 967 1686 φίλων
985 1600 1041 1668 καὶ
1059 1608 1152 1667 θεῶν

128 1703 293 1795 πατρῴων
324 1704 380 1771 καὶ
412 1707 529 1791 τάφων
560 1717 771 1792 προγονικῶν
804 1705 860 1772 καὶ
891 1711 1016 1786 παντὸς
1047 1711 1152 1775 ἀλλον

129 1811 332 1890 ἀπελασθεὶς
354 1812 497 1897 ἀγαθοῦ,
519 1807 598 1899 παρ’
617 1813 698 1897 ὑμίν
717 1811 748 1878 δ’
766 1815 896 1880 ἅπαντα
914 1813 1011 1881 ταῦθ’
1031 1815 1161 1902 εὑρών,

130 1910 181 1996 οἷς
204 1918 342 1985 ἐκείνων
365 1920 463 2006 χάριν
486 1918 684 2005 ἐπολέμουν,
707 1922 738 1985 εί
759 1923 804 2005 μὴ
828 1925 987 2007 γενοίμην
1010 1924 1153 2008 χαλεπὸς
1166 1942 1192 1982 15

129 2022 192 2110 μὲν
222 2017 273 2103 οἷς
302 2024 376 2092 ἀντὶ
406 2032 554 2092 πολιτῶν
582 2025 718 2112 έχθροίς
747 2025 924 2113 κέχρημαι,
952 2029 1093 2114 χρηστὸς
1117 2024 1148 2092 δ’

130 2123 182 2210 οἷς
209 2131 285 2198 ἀντὶ
312 2136 481 2218 πολεμίων
503 2135 628 2217 φίλοις;
658 2130 729 2198 ἀλλ’
752 2131 849 2218 ἔγωγ’
872 2131 946 2200 οὐδ’
969 2133 1006 2199 ἐν
1030 2133 1153 2220 ἀνδρὸς

62 2242 232 2327 1518μοίρμ
253 2243 355 2324 θείην
376 2241 430 2323 ἀν,
453 2239 543 2316 ὅστις
560 2242 640 2324 μήτε
658 2240 696 2304 τὸ
715 2246 884 2324 πολεμοῦν
904 2237 948 2305 δι’
966 2241 1068 2326 ἀργῆς
1086 2244 1153 2328 ἔχει

129 2347 210 2430 μήτε
239 2349 277 2413 τὸ
301 2350 407 2426 σῶζον
431 2344 551 2411 ἑαυτὸν
575 2344 618 2410 δι’
644 2346 783 2424 εὐνοίας.
830 2349 973 2433 πατρίδα
995 2346 1031 2413 θ’
1052 2350 1153 2433 ἡγοῦ-

130 2476 189 2536 μαι
208 2452 251 2518 οὐ
268 2454 331 2537 τὴν
349 2450 629 2537 ἀπαρνησαμένην
647 2475 687 2536 με
706 2455 818 2536 πόλιν,
836 2449 908 2519 ἀλλ’
927 2447 965 2536 ης
979 2453 1153 2541 ἀλλότριος
1167 2475 1193 2516 ιο

131 2559 179 2624 ὢν
202 2562 339 2642 πολίτης
362 2556 500 2642 γέγονα,
527 2567 592 2642 γῆν
613 2556 643 2624 τ’
665 2559 727 2625 οὐκ
750 2558 787 2625 έν
810 2552 831 2645 ᾗ
855 2560 1015 2645 ἠδίκημαι
1037 2565 1187 2646 φίλην,2

130 2662 202 2731 ἀλλ’
227 2663 264 2730 έν
283 2659 305 2751 ᾗ
322 2667 360 2731 τὸ
379 2661 525 2749 ἀσφαλες
542 2666 615 2749 ἔχω.
650 2663 705 2730 καὶ
723 2664 766 2730 διν
784 2669 864 2743 θεός
882 2689 916 2731 τε
936 2668 1153 2752 συλλαμβάνῃ

130 2771 186 2838 καὶ
209 2773 250 2837 τά
273 2770 414 2857 ὑμέτερα
437 2772 483 2849 ὡς
505 2774 593 2849 είκὸς
614 2774 774 2858 πρόθυμα
797 2766 831 2860 ᾖ,
854 2773 1001 2858 μεγάλην
1023 2772 1079 2839 καί
1097 2797 1154 2838 τα-

221 2970 238 3018 4
257 2966 272 3000 *
282 2963 318 3034 χ’
338 2983 365 3018 ιν
383 2983 413 3018 τε
431 2963 484 3032 τὴν
502 2963 625 3034 μεγάλην
644 2962 710 3019 οῖδα
723 2965 775 3019 ΑΒ
795 2963 878 3035 χάριν
896 2984 925 3019 τε
944 2966 1010 3034 ὑμῖν
1030 2964 1153 3035 μεγάλην

132 3033 197 3091 οῖδα
216 3052 240 3089 ο.
259 3035 327 3089 Rois
350 3051 364 3089 ε
383 3035 466 3104 χάριν
484 3054 513 3089 τε
532 3035 584 3105 τὴν
602 3056 629 3106 μ,
649 3035 760 3109 (ὑμῖν)
775 3035 840 3090 οἶδα
855 3053 907 3106 ego
963 3043 977 3090 7
993 3034 1067 3090 *ὑπ’
1085 3032 1153 3106 ἐμοῦ

131 3126 199 3161 ποτε
219 3105 342 3179 όντ<ες>
362 3102 485 3160 έπάθετε
504 3106 556 3159 AB
575 3105 625 3162 ὑπ’
646 3102 668 3161 έ.
688 3127 718 3161 π.
740 3104 841 3178 ἐχθροὶ
860 3107 938 3169 ὄντες
957 3102 978 3161 έ.
998 3108 1044 3162 vel
1063 3105 1112 3162 ὑπ’
1130 3103 1152 3162 έ.

133 3176 173 3232 ἔτι
191 3179 328 3247 πολεμίου
347 3177 427 3240 ὄντος
445 3176 548 3232 Reiske
572 3177 622 3232 ὑπ’
639 3174 707 3248 ἐμοῦ
726 3177 862 3249 πρότερόν
881 3198 912 3248 γε
932 3174 1054 3234 ἐπάθετε
1074 3171 1155 3234 (1υοὶ-

132 3252 228 3304 λιιοίεε
250 3248 396 3318 Kiessling
424 3247 550 3318 scripsit,
579 3247 628 3304 ὑπ’
655 3246 723 3321 ἐμοῦ
748 3253 883 3320 πολεμίου
905 3249 973 3306 ποτε
996 3250 1077 3314 ὄντος
1101 3267 1153 3322 ego

134 3327 165 3374 11
180 3319 274 3391 παρὰ]
289 3318 359 3389 πρός
374 3336 396 3374 ο.
408 3318 497 3374 Cobet
508 3319 573 3374 Obs.
583 3339 610 3391 p.
624 3328 674 3376 155
689 3322 744 3376 δπδ
759 3322 832 3375 Prou
879 3327 912 3376 14
926 3323 1099 3386 ἀπελασθεὶς
1108 3322 1155 3377 Ba

133 3389 334 3466 ἀπελα<θ>ελς
358 3390 404 3443 Bb
431 3393 435 3460 Ι
460 3389 529 3461 παρ’
551 3393 628 3460 ὑμῶν
651 3395 675 3446 Α
750 3398 782 3446 15
807 3390 834 3447 εί
855 3393 921 3448 add.
940 3393 963 3446 B
987 3410 1071 3484 supra
1094 3394 1153 3460 lin„

134 3479 186 3518 om.
211 3462 238 3516 R
262 3467 344 3587 ABIS
368 3463 474 3531 θείμην
498 3479 522 3516 c.
542 3462 631 3516 Cobet
655 3463 721 3518 Obs.
741 3482 768 3534 p.
790 3469 840 3518 156
913 3471 947 3520 23
971 3464 1091 3536 ἡμετερα
1111 3465 1152 3537 ΑΙ

134 3533 169 3597 ὡς
188 3551 244 3589 om.
