2656 3974
566 267 732 320 -Θ-

140 426 288 512 μάρχους
312 425 516 512 ἐπεκαλεῖτο,
538 429 605 513 καί,
627 435 663 494 εί
680 453 712 495 τι
735 429 854 515 άδικεῖ,
877 435 988 517 κρίσιν
1012 430 1156 499 ἐπὶτῶν

141 534 296 617 δημοτῶν
325 531 460 619 ὑπέχειν
489 534 594 618 ήξίου.
640 536 688 612 ,ὡς
718 532 750 600 δ’
784 536 825 602 οὐ
853 549 1032 624 προσεῖχον
1063 540 1152 628 αὐτῷ

140 641 200 704 τὸν
227 649 312 706 νοῦν
339 641 375 706 οί
394 640 531 724 ὑπατοι,
559 639 643 706 άλλδι
666 653 737 719 τοῖς
760 642 958 728 ῥαβδούχοις
982 645 1076 728 άγειν
1099 645 1152 711 καὶ

140 747 275 812 τύπτειν
299 745 542 832 ἐπεκελεύοντο,
565 747 626 813 οὐκ
644 750 825 834 ἀνασχετὸν
843 750 1050 835 ἡγησάμενος
1068 749 1155 818 εἶναι

139 853 201 935 τήν
223 853 324 939 ὑβριν
347 854 447 930 αύτὸς
470 851 575 941 ἑαυτῷ
589 858 716 939 ’ταμίας
738 865 795 940 της
813 857 907 940 δίκης
924 860 1057 941 γίνεται.
1095 848 1195 962 τόνῗχ5

66 977 173 1026 185οτε
204 961 268 1045 γάρ
298 972 430 1046 πρῶτον
459 965 690 1046 προσελθόντα
719 973 787 1027 τῶν
818 963 1016 1050 ῥαβδούχων
1045 969 1154 1032 παίων

139 1068 187 1142 είς
209 1069 247 1132 τὸ
270 1069 449 1152 πρόσωπον
472 1065 639 1144 ἐναντίαις
661 1079 806 1152 πυγμαῖς
825 1073 960 1147 νεανίας
977 1070 1033 1136 καὶ
1052 1071 1154 1159 ε’ρρω-

138 1172 239 1257 μένος
266 1171 351 1258 άνήρ
375 1171 550 1258 ἀνατρέπει
572 1171 627 1238 καὶ
649 1176 709 1239 τόν
732 1172 785 1239 ἐπὶ
807 1176 924 1264 τούτῳ.
970 1177 1153 1264 ἀγανακτη-

138 1279 270 1344 σάντων
294 1275 331 1344 δέ
353 1291 420 1345 τῶν
444 1279 579 1345 ὑπάτων
601 1277 656 1344 καὶ
679 1289 782 1346 πᾶσιν
804 1282 877 1365 δίμα
890 1293 958 1358 τοῖς
975 1283 1154 1370 ὑπηρέταις

137 1391 339 1473 προσελθεῖν
366 1387 595 1453 κελευσάντων
623 1387 738 1454 δεινόν
765 1411 797 1452 τι
825 1399 894 1465 τοῖς
916 1399 1060 1475 παροῦσι
1083 1403 1151 1458 τῶν
1166 1418 1192 1457 ιο

138 1494 326 1576 δημοτικῶν
345 1491 465 1577 ἐφάνη·
484 1490 539 1557 καὶ
558 1492 675 1558 αὐτίκα
694 1492 937 1579 συστραφέντες
955 1494 1077 1582 ἀθρόοι
1096 1496 1152 1562 καὶ

130 1598 383 1684 άναβοήσαντες
404 1601 442 1665 τὸ
463 1601 707 1686 παρακλητικὸν
725 1609 783 1684 της
801 1599 955 1684 άλλήλων
974 1601 1075 1688 ὀργής
1092 1608 1152 1670 τόν

127 1729 172 1770 -τε
194 1709 372 1772 νεανίσκον
395 1704 582 1791 ἐξήρπασαν
604 1703 660 1770 καὶ
682 1709 759 1784 τοὺς
781 1707 991 1794 ῥαβδούχους
1013 1708 1153 1796 άπέστη-

136 1830 200 1878 σαν
222 1816 376 1889 παίοντες
398 1809 452 1876 καὶ
475 1817 689 1890 τελευτῶντες
711 1811 765 1878 ἐπὶ
783 1817 862 1892 τοὺς
878 1816 1025 1893 ὑπάτους
1043 1817 1152 1902 ὥρμη-

135 1937 217 2003 σαν,
238 1916 294 1984 καὶ
317 1921 349 1983 εί
369 1921 413 2003 μή
436 1922 670 1996 καταλιπόντες
692 1918 814 1986 ἐκεῖνοι
836 1923 898 2005 τήν
921 1921 1048 2007 άγοράν
1071 1925 1151 2008 ἐφυ-
1166 1948 1192 1988 ιτ

126 2049 210 2109 γον,
229 2023 411 2108 ἀνήκεστον
428 2026 471 2090 άν
489 2049 520 2090 τι
538 2027 641 2091 κακὸν
658 2024 898 2111 ἐξειργάσαντο.
927 2027 962 2092 ἐκ
977 2025 1014 2092 δὲ
1028 2031 1149 2096 τούτου
1164 2039 1187 2103 4

134 2133 313 2215 διειστήκει
336 2141 424 2196 πᾶσα
446 2131 467 2215 ή
491 2135 597 2215 πόλις,
619 2130 675 2196 καὶ
698 2133 734 2197 οί
752 2130 834 2209 τέως
856 2132 1073 2218 ἡσυχάζοντες
1092 2138 1150 2221 δή-

134 2262 254 2324 μαρχοι
284 2235 351 2302 τότ’
382 2238 561 2324 ἠγριοῦντο
591 2236 646 2304 καὶ
675 2249 742 2303 τῶν
770 2238 905 2304 ὑπάτων
932 2244 1150 2328 κατηγόρουν.

132 2347 352 2431 περιειστήκει
375 2367 410 2409 τε
432 2345 453 2428 ἡ
476 2343 552 2429 περὶ
574 2354 632 2428 τῆς
654 2347 853 2430 κληρουχίας
877 2345 989 2423 στάσις
1012 2350 1059 2425 είς
1082 2348 1149 2415 ἐτε-
1169 2401 1182 2414 ,-

133 2474 196 2536 ρον
219 2453 354 2535 μείζονα
377 2452 447 2532 [διά
470 2453 541 2532 τὸν]
566 2447 650 2536 ὑπὲρ
672 2458 732 2516 τοῦ
755 2453 882 2535 κόσμου
906 2461 962 2536 τής
984 2460 1151 2532 πολιτείας
1163 2481 1190 2521 το

56 2557 257 2640 1851άγῶνα.
304 2558 339 2622 οί
366 2559 428 2642 μέν
457 2582 495 2641 γε
524 2561 689 2643 πατρίκιοι
718 2567 788 2634 τοῖς
816 2557 953 2636 ὑπάτοις
981 2561 1025 2636 ὡς
1052 2584 1149 2626 κατα-

132 2662 299 2748 λυομένης
328 2663 439 2729 αύτῦν
468 2673 526 2749 τής
555 2663 706 2742 ἐξουσίας
735 2675 1062 2748 συναγανακτοῦντες
1089 2669 1149 2733 τὸν

124 2769 304 2854 ἐπιβαλεῖν
335 2769 490 2856 <χεῖρας>
522 2780 591 2845 τοῖς
621 2768 799 2855 ὑπηρέταις
830 2774 1038 2855 τολμήσαντα
1065 2774 1148 2838 κατδι

130 2885 283 2965 κρημνοῦ
306 2878 422 2960 βαλεῖν
444 2874 570 2959 ήξίουν.
607 2877 643 2941 οί
659 2873 696 2941 δὲ
715 2875 887 2960 δημοτικοὶ
906 2877 1183 2967 συστρέψαντες5

130 2985 254 3060 αὑτοὺς
276 2983 445 3066 κατεβόων
467 3005 502 3046 τε
525 2979 581 3063 καὶ
604 2984 864 3067 παρεκελεύοντο
884 2985 929 3068 μή
948 2985 1146 3069 προδιδόναι
1161 3012 1188 3051 π

205 3181 221 3230 5
244 3181 293 3318 τχς
311 3176 392 3243 δίκης
410 3173 475 3230 add.
493 3174 516 3228 B
602 3179 617 3227 9
641 3183 711 3230 πᾶσι
728 3183 787 3238 τοῖς
804 3176 851 3230 Ba
937 3183 971 3232 10
994 3198 1021 3231 τι
1040 3177 1104 3234 add.
1123 3180 1147 3233 B

131 3253 167 3301 18
185 3245 251 3315 ήγρι
275 3245 378 3370 αι’]ιξντο
396 3245 443 3298 Bb
500 3250 532 3298 19
552 3245 646 3308 στάσις
664 3246 732 3302 αδδ.Ι
745 3245 818 3316 Cmg
837 3249 866 3301 et
885 3247 1006 3316 Sylburg
1026 3251 1030 3318 Ι
1052 3248 1147 3317 ἕτερον

131 3317 156 3372 Ο
176 3311 275 3385 ἕτέραν
320 3315 439 3386 iessling
510 3322 544 3370 20
564 3321 657 3386 μεῖζον
677 3319 741 3388 Bal
762 3317 811 3372 διὰ
829 3318 878 3373 τὸν
898 3318 952 3374 del.
972 3318 1061 3375 Cobet
1080 3321 1146 3378 obs.

127 3408 158 3458 p.
180 3392 232 3442 180
340 3393 373 3441 23
403 3385 562 3459 ἐπιβάλλειν
584 3387 661 3441 ABb
690 3383 834 3461 ἐπιβαλεῖν
856 3389 907 3452 τδις
929 3396 1024 3462 χεῖρας
1041 3399 1100 3454 τοῖς
1123 3409 1146 3448 c.

129 3458 236 3514 Reiske
262 3453 407 3529 ἐπιβαλεῖν
430 3465 524 3529 χεῖρας
545 3479 569 3513 τ.
594 3475 617 3514 ο.
637 3458 726 3514 Cobet
746 3459 812 3517 Obs.
831 3479 858 3530 p.
880 3467 929 3516 181
1038 3469 1072 3518 25
1097 3467 1148 3519 αῦ-

129 3531 197 3592 τοὺς
214 3529 237 3584 Β
