<?xml version="1.0" encoding="UTF-8"?>
<!DOCTYPE html PUBLIC "-//W3C//DTD XHTML 1.0 Transitional//EN"
    "http://www.w3.org/TR/xhtml1/DTD/xhtml1-transitional.dtd">
<html xmlns="http://www.w3.org/1999/xhtml" xml:lang="en" lang="en">
 <head>
  <title>
</title>
<meta http-equiv="Content-Type" content="text/html;charset=utf-8" />
  <meta name='ocr-system' content='tesseract 3.04.00' />
  <meta name='ocr-capabilities' content='ocr_page ocr_carea ocr_par ocr_line ocrx_word'/>
</head>
<body>
  <div class='ocr_page' id='page_1' title='image "./dionysihalicarn00unkngoog/dionysihalicarn00unkngoog_0066.png"; bbox 0 0 2674 3978; ppageno 0'>
   <div class='ocr_carea' id='block_1_1' title="bbox 179 249 765 314">
    <p class='ocr_par' dir='ltr' id='par_1_1' title="bbox 179 249 765 314">
     <span class='ocr_line' id='line_1_1' title="bbox 179 249 765 314; baseline 0.002 0"><span class='ocrx_word' id='word_1_1' title='bbox 179 249 223 314; x_wconf 80' lang='lat'><strong><em>56</em></strong></span> <span class='ocrx_word' id='word_1_2' title='bbox 604 252 765 301; x_wconf 82' lang='grc' dir='ltr'><strong><em>-Ζ-</em></strong></span> 
     </span>
    </p>
   </div>
   <div class='ocr_carea' id='block_1_2' title="bbox 136 412 1328 3063">
    <p class='ocr_par' dir='ltr' id='par_1_2' title="bbox 136 412 1328 3063">
     <span class='ocr_line' id='line_1_2' title="bbox 177 412 1196 499; baseline 0.002 -22"><span class='ocrx_word' id='word_1_3' title='bbox 177 419 256 479; x_wconf 91' lang='grc' dir='ltr'><strong><em>θειν</em></strong></span> <span class='ocrx_word' id='word_1_4' title='bbox 279 415 357 490; x_wconf 88' lang='grc' dir='ltr'><strong><em>τοὺς</em></strong></span> <span class='ocrx_word' id='word_1_5' title='bbox 378 414 621 496; x_wconf 78' lang='grc' dir='ltr'><strong><em>προεστηκότας</em></strong></span> <span class='ocrx_word' id='word_1_6' title='bbox 639 412 749 477; x_wconf 82' lang='grc' dir='ltr'><strong><em>αὐτῶν</em></strong></span> <span class='ocrx_word' id='word_1_7' title='bbox 768 412 877 498; x_wconf 85' lang='grc' dir='ltr'><strong><em>χάριτι</em></strong></span> <span class='ocrx_word' id='word_1_8' title='bbox 895 422 952 496; x_wconf 79' lang='grc' dir='ltr'><strong><em>τῆς</em></strong></span> <span class='ocrx_word' id='word_1_9' title='bbox 970 417 1094 499; x_wconf 86' lang='grc' dir='ltr'><strong><em>βουλής</em></strong></span> <span class='ocrx_word' id='word_1_10' title='bbox 1112 416 1196 480; x_wconf 88' lang='grc' dir='ltr'><strong><em>παύ-</em></strong></span> 
     </span>
     <span class='ocr_line' id='line_1_3' title="bbox 177 516 1195 605; baseline 0.003 -21"><span class='ocrx_word' id='word_1_11' title='bbox 177 525 302 585; x_wconf 88' lang='grc' dir='ltr'><strong><em>σασθαι</em></strong></span> <span class='ocrx_word' id='word_1_12' title='bbox 324 521 379 584; x_wconf 81' lang='grc' dir='ltr'><strong><em>καλ</em></strong></span> <span class='ocrx_word' id='word_1_13' title='bbox 402 520 446 603; x_wconf 87' lang='grc' dir='ltr'><strong><em>μή</em></strong></span> <span class='ocrx_word' id='word_1_14' title='bbox 469 519 631 602; x_wconf 78' lang='grc' dir='ltr'><em>παράγειν</em></span> <span class='ocrx_word' id='word_1_15' title='bbox 653 521 712 584; x_wconf 89' lang='grc' dir='ltr'><strong><em>τὸν</em></strong></span> <span class='ocrx_word' id='word_1_16' title='bbox 731 519 900 605; x_wconf 88' lang='grc' dir='ltr'><strong><em>Μάρκιον,</em></strong></span> <span class='ocrx_word' id='word_1_17' title='bbox 923 521 954 585; x_wconf 88' lang='grc' dir='ltr'><strong><em>εί</em></strong></span> <span class='ocrx_word' id='word_1_18' title='bbox 976 516 1013 585; x_wconf 73' lang='grc' dir='ltr'><strong><em>ἀὲ</em></strong></span> <span class='ocrx_word' id='word_1_19' title='bbox 1036 521 1080 604; x_wconf 88' lang='grc' dir='ltr'><strong><em>μή</em></strong></span> <span class='ocrx_word' id='word_1_20' title='bbox 1104 521 1195 605; x_wconf 77' lang='grc' dir='ltr'><strong><em>(πεί-</em></strong></span> 
     </span>
     <span class='ocr_line' id='line_1_4' title="bbox 176 624 1194 713; baseline 0.003 -23"><span class='ocrx_word' id='word_1_21' title='bbox 176 625 295 710; x_wconf 86' lang='grc' dir='ltr'><strong><em>θοιεν&gt;</em></strong></span> <span class='ocrx_word' id='word_1_22' title='bbox 318 626 366 703; x_wconf 90' lang='grc' dir='ltr'><strong><em>είς</em></strong></span> <span class='ocrx_word' id='word_1_23' title='bbox 384 625 609 713; x_wconf 78' lang='grc' dir='ltr'><strong><em>μακροτάτους</em></strong></span> <span class='ocrx_word' id='word_1_24' title='bbox 627 624 876 710; x_wconf 78' lang='grc' dir='ltr'><em>ἀναβάλλεσθαι</em></span> <span class='ocrx_word' id='word_1_25' title='bbox 894 629 1048 713; x_wconf 88' lang='grc' dir='ltr'><strong><em>χρόνους,</em></strong></span> <span class='ocrx_word' id='word_1_26' title='bbox 1071 625 1134 706; x_wconf 77' lang='grc' dir='ltr'><strong><em>ἕως</em></strong></span> <span class='ocrx_word' id='word_1_27' title='bbox 1151 627 1194 694; x_wconf 83' lang='grc' dir='ltr'><strong><em>ἀν</em></strong></span> 
     </span>
     <span class='ocr_line' id='line_1_5' title="bbox 139 731 1195 821; baseline 0.001 -23"><span class='ocrx_word' id='word_1_28' title='bbox 139 735 161 798; x_wconf 84' lang='grc'>2</span> <span class='ocrx_word' id='word_1_29' title='bbox 176 738 397 821; x_wconf 82' lang='grc' dir='ltr'><strong><em>μαρανθῶσιν</em></strong></span> <span class='ocrx_word' id='word_1_30' title='bbox 415 732 452 796; x_wconf 87' lang='grc' dir='ltr'><strong><em>αί</em></strong></span> <span class='ocrx_word' id='word_1_31' title='bbox 467 741 534 796; x_wconf 83' lang='grc' dir='ltr'><strong><em>τῶν</em></strong></span> <span class='ocrx_word' id='word_1_32' title='bbox 552 736 686 797; x_wconf 79' lang='grc' dir='ltr'><strong><em>πολλῶν</em></strong></span> <span class='ocrx_word' id='word_1_33' title='bbox 705 731 810 819; x_wconf 87' lang='grc' dir='ltr'><strong><em>ὀργαί.</em></strong></span> <span class='ocrx_word' id='word_1_34' title='bbox 847 740 950 798; x_wconf 85' lang='grc' dir='ltr'><strong><em>ταῦτα</em></strong></span> <span class='ocrx_word' id='word_1_35' title='bbox 967 734 1195 818; x_wconf 76' lang='grc' dir='ltr'><strong><em>ψηφισάμενοι</em></strong></span> 
     </span>
     <span class='ocr_line' id='line_1_6' title="bbox 149 833 1196 926; baseline 0.004 -24"><span class='ocrx_word' id='word_1_36' title='bbox 149 841 213 906; x_wconf 83' lang='grc' dir='ltr'><strong><em>ετὸ</em></strong></span> <span class='ocrx_word' id='word_1_37' title='bbox 244 835 306 922; x_wconf 77' lang='grc' dir='ltr'><strong><em>μέν</em></strong></span> <span class='ocrx_word' id='word_1_38' title='bbox 334 833 418 922; x_wconf 69' lang='grc' dir='ltr'><strong><em>ὑπὲρ</em></strong></span> <span class='ocrx_word' id='word_1_39' title='bbox 448 846 505 921; x_wconf 77' lang='grc' dir='ltr'><strong><em>τῆς</em></strong></span> <span class='ocrx_word' id='word_1_40' title='bbox 534 836 657 923; x_wconf 87' lang='grc' dir='ltr'><strong><em>ἀγοράς</em></strong></span> <span class='ocrx_word' id='word_1_41' title='bbox 687 839 794 921; x_wconf 77' lang='grc' dir='ltr'><strong><em>δόγμα</em></strong></span> <span class='ocrx_word' id='word_1_42' title='bbox 824 840 871 914; x_wconf 89' lang='grc' dir='ltr'><strong><em>είς</em></strong></span> <span class='ocrx_word' id='word_1_43' title='bbox 900 841 959 904; x_wconf 87' lang='grc' dir='ltr'><strong><em>τὸν</em></strong></span> <span class='ocrx_word' id='word_1_44' title='bbox 988 839 1095 925; x_wconf 81' lang='grc' dir='ltr'><strong><em>δήμου</em></strong></span> <span class='ocrx_word' id='word_1_45' title='bbox 1123 840 1196 926; x_wconf 82' lang='grc' dir='ltr'><strong><em>ε’ξή-</em></strong></span> 
     </span>
     <span class='ocr_line' id='line_1_7' title="bbox 176 942 1196 1032; baseline 0.001 -21"><span class='ocrx_word' id='word_1_46' title='bbox 176 969 298 1029; x_wconf 89' lang='grc' dir='ltr'><strong><em>νεγκαν</em></strong></span> <span class='ocrx_word' id='word_1_47' title='bbox 328 946 383 1010; x_wconf 82' lang='grc' dir='ltr'><strong><em>καί</em></strong></span> <span class='ocrx_word' id='word_1_48' title='bbox 413 944 548 1008; x_wconf 89' lang='grc' dir='ltr'><strong><em>πάντων</em></strong></span> <span class='ocrx_word' id='word_1_49' title='bbox 579 943 826 1010; x_wconf 78' lang='grc' dir='ltr'><strong><em>ἐπαινεσάντων</em></strong></span> <span class='ocrx_word' id='word_1_50' title='bbox 855 943 1037 1032; x_wconf 81' lang='grc' dir='ltr'><strong><em>ἐκύρωσαν.</em></strong></span> <span class='ocrx_word' id='word_1_51' title='bbox 1087 942 1129 1031; x_wconf 87' lang='grc' dir='ltr'><strong><em>ήν</em></strong></span> <span class='ocrx_word' id='word_1_52' title='bbox 1158 945 1196 1012; x_wconf 75' lang='grc' dir='ltr'><strong><em>δέ</em></strong></span> 
     </span>
     <span class='ocr_line' id='line_1_8' title="bbox 175 1046 1196 1137; baseline 0.003 -20"><span class='ocrx_word' id='word_1_53' title='bbox 175 1053 321 1117; x_wconf 81' lang='grc' dir='ltr'><strong><em>τοιόνδε·</em></strong></span> <span class='ocrx_word' id='word_1_54' title='bbox 357 1051 422 1128; x_wconf 85' lang='grc' dir='ltr'><strong><em>Τάς</em></strong></span> <span class='ocrx_word' id='word_1_55' title='bbox 451 1051 546 1134; x_wconf 81' lang='grc' dir='ltr'><strong><em>τιμάς</em></strong></span> <span class='ocrx_word' id='word_1_56' title='bbox 575 1046 661 1117; x_wconf 86' lang='grc' dir='ltr'><strong><em>εἶναι</em></strong></span> <span class='ocrx_word' id='word_1_57' title='bbox 691 1063 758 1116; x_wconf 83' lang='grc' dir='ltr'><strong><em>τῶν</em></strong></span> <span class='ocrx_word' id='word_1_58' title='bbox 789 1051 899 1118; x_wconf 80' lang='grc' dir='ltr'><strong><em>ὠνίων</em></strong></span> <span class='ocrx_word' id='word_1_59' title='bbox 928 1062 996 1118; x_wconf 83' lang='grc' dir='ltr'><strong><em>τῶν</em></strong></span> <span class='ocrx_word' id='word_1_60' title='bbox 1024 1055 1108 1137; x_wconf 84' lang='grc' dir='ltr'><strong><em>πρὸς</em></strong></span> <span class='ocrx_word' id='word_1_61' title='bbox 1136 1056 1196 1121; x_wconf 87' lang='grc' dir='ltr'><strong><em>τὸν</em></strong></span> 
     </span>
     <span class='ocr_line' id='line_1_9' title="bbox 176 1153 1196 1246; baseline 0.005 -24"><span class='ocrx_word' id='word_1_62' title='bbox 176 1153 254 1223; x_wconf 89' lang='grc' dir='ltr'><strong><em>καθ’</em></strong></span> <span class='ocrx_word' id='word_1_63' title='bbox 277 1155 403 1245; x_wconf 78' lang='grc' dir='ltr'><strong><em>ἡμέραν</em></strong></span> <span class='ocrx_word' id='word_1_64' title='bbox 425 1161 519 1242; x_wconf 92' lang='grc' dir='ltr'><strong><em>βίον,</em></strong></span> <span class='ocrx_word' id='word_1_65' title='bbox 547 1159 668 1235; x_wconf 79' lang='grc' dir='ltr'><strong><em>αἵτινες</em></strong></span> <span class='ocrx_word' id='word_1_66' title='bbox 691 1156 836 1242; x_wconf 76' lang='grc' dir='ltr'><strong><em>ἐγένοντ’</em></strong></span> <span class='ocrx_word' id='word_1_67' title='bbox 861 1158 1028 1244; x_wconf 83' lang='grc' dir='ltr'><strong><em>ἐλάχισται</em></strong></span> <span class='ocrx_word' id='word_1_68' title='bbox 1050 1163 1114 1246; x_wconf 85' lang='grc' dir='ltr'><strong><em>πρὸ</em></strong></span> <span class='ocrx_word' id='word_1_69' title='bbox 1138 1169 1196 1245; x_wconf 84' lang='grc' dir='ltr'><strong><em>τής</em></strong></span> 
     </span>
     <span class='ocr_line' id='line_1_10' title="bbox 176 1260 1196 1351; baseline 0.002 -21"><span class='ocrx_word' id='word_1_70' title='bbox 176 1263 340 1349; x_wconf 77' lang='grc' dir='ltr'><strong><em>ἐμφυλίου</em></strong></span> <span class='ocrx_word' id='word_1_71' title='bbox 364 1263 517 1341; x_wconf 90' lang='grc' dir='ltr'><strong><em>στάσεως.</em></strong></span> <span class='ocrx_word' id='word_1_72' title='bbox 553 1265 641 1348; x_wconf 82' lang='grc' dir='ltr'><strong><em>παρά</em></strong></span> <span class='ocrx_word' id='word_1_73' title='bbox 665 1260 702 1329; x_wconf 75' lang='grc' dir='ltr'><strong><em>δέ</em></strong></span> <span class='ocrx_word' id='word_1_74' title='bbox 724 1274 793 1330; x_wconf 80' lang='grc' dir='ltr'><strong><em>τῶν</em></strong></span> <span class='ocrx_word' id='word_1_75' title='bbox 817 1265 996 1351; x_wconf 77' lang='grc' dir='ltr'><strong><em>δημάρχων</em></strong></span> <span class='ocrx_word' id='word_1_76' title='bbox 1019 1267 1126 1332; x_wconf 82' lang='grc' dir='ltr'><strong><em>πολλὰ</em></strong></span> <span class='ocrx_word' id='word_1_77' title='bbox 1146 1272 1196 1333; x_wconf 91' lang='grc' dir='ltr'><strong><em>λι-</em></strong></span> 
     </span>
     <span class='ocr_line' id='line_1_11' title="bbox 136 1367 1195 1460; baseline 0.008 -28"><span class='ocrx_word' id='word_1_78' title='bbox 136 1393 163 1432; x_wconf 91' lang='lat'><strong><em>10</em></strong></span> <span class='ocrx_word' id='word_1_79' title='bbox 176 1371 382 1455; x_wconf 87' lang='grc' dir='ltr'><strong><em>παρήσαντες</em></strong></span> <span class='ocrx_word' id='word_1_80' title='bbox 410 1373 472 1456; x_wconf 88' lang='grc' dir='ltr'><strong><em>τήν</em></strong></span> <span class='ocrx_word' id='word_1_81' title='bbox 502 1367 564 1456; x_wconf 75' lang='grc' dir='ltr'><strong><em>μέν</em></strong></span> <span class='ocrx_word' id='word_1_82' title='bbox 594 1372 754 1459; x_wconf 82' lang='grc' dir='ltr'><strong><em>ὁλοσχερῆ</em></strong></span> <span class='ocrx_word' id='word_1_83' title='bbox 784 1371 925 1459; x_wconf 88' lang='grc' dir='ltr'><strong><em>πάρεσιν</em></strong></span> <span class='ocrx_word' id='word_1_84' title='bbox 952 1373 1014 1458; x_wconf 88' lang='grc' dir='ltr'><strong><em>οὐχ</em></strong></span> <span class='ocrx_word' id='word_1_85' title='bbox 1044 1373 1195 1460; x_wconf 80' lang='grc' dir='ltr'><strong><em>εὕροντο,</em></strong></span> 
     </span>
     <span class='ocr_line' id='line_1_12' title="bbox 175 1473 1199 1564; baseline 0.003 -21"><span class='ocrx_word' id='word_1_86' title='bbox 175 1479 237 1562; x_wconf 88' lang='grc' dir='ltr'><strong><em>τήν</em></strong></span> <span class='ocrx_word' id='word_1_87' title='bbox 257 1473 287 1542; x_wconf 79' lang='grc' dir='ltr'><strong><em>θ’</em></strong></span> <span class='ocrx_word' id='word_1_88' title='bbox 307 1479 354 1554; x_wconf 90' lang='grc' dir='ltr'><strong><em>είς</em></strong></span> <span class='ocrx_word' id='word_1_89' title='bbox 372 1480 495 1564; x_wconf 86' lang='grc' dir='ltr'><strong><em>χρόνον</em></strong></span> <span class='ocrx_word' id='word_1_90' title='bbox 514 1477 596 1543; x_wconf 78' lang='grc' dir='ltr'><strong><em>ὅσον</em></strong></span> <span class='ocrx_word' id='word_1_91' title='bbox 614 1477 731 1562; x_wconf 84' lang='grc' dir='ltr'><strong><em>ήξίονν</em></strong></span> <span class='ocrx_word' id='word_1_92' title='bbox 750 1477 920 1563; x_wconf 90' lang='grc' dir='ltr'><strong><em>ἀναβολήν</em></strong></span> <span class='ocrx_word' id='word_1_93' title='bbox 939 1481 1074 1563; x_wconf 83' lang='grc' dir='ltr'><strong><em>ἔλαβον·</em></strong></span> <span class='ocrx_word' id='word_1_94' title='bbox 1098 1480 1199 1546; x_wconf 83' lang='grc' dir='ltr'><strong><em>αὐτοί</em></strong></span> 
     </span>
     <span class='ocr_line' id='line_1_13' title="bbox 176 1583 1196 1674; baseline 0.003 -25"><span class='ocrx_word' id='word_1_95' title='bbox 176 1608 211 1649; x_wconf 94' lang='grc' dir='ltr'><strong><em>τε</em></strong></span> <span class='ocrx_word' id='word_1_96' title='bbox 233 1586 570 1672; x_wconf 78' lang='grc' dir='ltr'><strong><em>προσεμηχανήσαντο</em></strong></span> <span class='ocrx_word' id='word_1_97' title='bbox 595 1586 770 1673; x_wconf 81' lang='grc' dir='ltr'><strong><em>διατριβήν</em></strong></span> <span class='ocrx_word' id='word_1_98' title='bbox 793 1583 908 1670; x_wconf 80' lang='grc' dir='ltr'><strong><em>ἑτέραν</em></strong></span> <span class='ocrx_word' id='word_1_99' title='bbox 926 1584 1060 1672; x_wconf 79' lang='grc' dir='ltr'><strong><em>ἀφορμή</em></strong></span> <span class='ocrx_word' id='word_1_100' title='bbox 1082 1588 1196 1674; x_wconf 76' lang='grc' dir='ltr'><strong><em>τοιᾷδε</em></strong></span> 
     </span>
     <span class='ocr_line' id='line_1_14' title="bbox 141 1689 1196 1777; baseline -0.001 -17"><span class='ocrx_word' id='word_1_101' title='bbox 141 1691 386 1777; x_wconf 88' lang='grc' dir='ltr'><strong><em>3χρησάμενοι.</em></strong></span> <span class='ocrx_word' id='word_1_102' title='bbox 431 1693 510 1768; x_wconf 85' lang='grc' dir='ltr'><strong><em>τοὺς</em></strong></span> <span class='ocrx_word' id='word_1_103' title='bbox 538 1689 574 1756; x_wconf 83' lang='grc' dir='ltr'><strong><em>ἐκ</em></strong></span> <span class='ocrx_word' id='word_1_104' title='bbox 596 1694 753 1767; x_wconf 79' lang='grc' dir='ltr'><strong><em>Σικελίας</em></strong></span> <span class='ocrx_word' id='word_1_105' title='bbox 780 1689 1023 1768; x_wconf 79' lang='grc' dir='ltr'><strong><em>ἀποσταλέντας</em></strong></span> <span class='ocrx_word' id='word_1_106' title='bbox 1047 1692 1111 1759; x_wconf 81' lang='grc' dir='ltr'><strong><em>ὑπὸ</em></strong></span> <span class='ocrx_word' id='word_1_107' title='bbox 1135 1703 1196 1758; x_wconf 85' lang='grc' dir='ltr'><strong><em>τοῦ</em></strong></span> 
     </span>
     <span class='ocr_line' id='line_1_15' title="bbox 176 1794 1328 1887; baseline -0.003 -24"><span class='ocrx_word' id='word_1_108' title='bbox 176 1797 345 1883; x_wconf 89' lang='grc' dir='ltr'><strong><em>τυράννου</em></strong></span> <span class='ocrx_word' id='word_1_109' title='bbox 372 1795 526 1883; x_wconf 86' lang='grc' dir='ltr'><strong><em>πρέσβεις</em></strong></span> <span class='ocrx_word' id='word_1_110' title='bbox 552 1794 608 1863; x_wconf 83' lang='grc' dir='ltr'><strong><em>καὶ</em></strong></span> <span class='ocrx_word' id='word_1_111' title='bbox 634 1800 924 1881; x_wconf 89' lang='grc' dir='ltr'><strong><em>παρακομίσαντας</em></strong></span> <span class='ocrx_word' id='word_1_112' title='bbox 946 1807 991 1886; x_wconf 78' lang='grc' dir='ltr'><strong><em>τῷ</em></strong></span> <span class='ocrx_word' id='word_1_113' title='bbox 1016 1800 1110 1887; x_wconf 81' lang='grc' dir='ltr'><strong><em>θήμφ</em></strong></span> <span class='ocrx_word' id='word_1_114' title='bbox 1133 1800 1195 1883; x_wconf 88' lang='grc' dir='ltr'><strong><em>τήν</em></strong></span> <span class='ocrx_word' id='word_1_115' title='bbox 1327 1857 1328 1860; x_wconf 74' lang='grc'><strong><em>,</em></strong></span> 
     </span>
     <span class='ocr_line' id='line_1_16' title="bbox 137 1900 1328 1989; baseline 0.01 -26"><span class='ocrx_word' id='word_1_116' title='bbox 137 1924 163 1964; x_wconf 84' lang='lat'><strong><em>15</em></strong></span> <span class='ocrx_word' id='word_1_117' title='bbox 176 1913 237 1970; x_wconf 87' lang='grc' dir='ltr'><strong><em>τοῦ</em></strong></span> <span class='ocrx_word' id='word_1_118' title='bbox 260 1907 354 1972; x_wconf 93' lang='grc' dir='ltr'><strong><em>σίτου</em></strong></span> <span class='ocrx_word' id='word_1_119' title='bbox 378 1904 508 1988; x_wconf 73' lang='grc' dir='ltr'><strong><em>δωρεάν</em></strong></span> <span class='ocrx_word' id='word_1_120' title='bbox 527 1903 753 1982; x_wconf 81' lang='grc' dir='ltr'><strong><em>ἀποπλέοντας</em></strong></span> <span class='ocrx_word' id='word_1_121' title='bbox 772 1905 884 1969; x_wconf 77' lang='grc' dir='ltr'><strong><em>οἴκαδε</em></strong></span> <span class='ocrx_word' id='word_1_122' title='bbox 899 1900 1064 1971; x_wconf 83' lang='grc' dir='ltr'><strong><em>Ἀντιάται</em></strong></span> <span class='ocrx_word' id='word_1_123' title='bbox 1082 1925 1272 1989; x_wconf 74' lang='grc' dir='ltr'><strong><em>παρα-1394</em></strong></span> <span class='ocrx_word' id='word_1_124' title='bbox 1327 1959 1328 1962; x_wconf 63' lang='lat'>,</span> 
     </span>
     <span class='ocr_line' id='line_1_17' title="bbox 176 2010 1195 2098; baseline 0 -22"><span class='ocrx_word' id='word_1_125' title='bbox 176 2015 293 2096; x_wconf 91' lang='grc' dir='ltr'><strong><em>τήριον</em></strong></span> <span class='ocrx_word' id='word_1_126' title='bbox 312 2014 499 2088; x_wconf 90' lang='grc' dir='ltr'><strong><em>στείλαντες</em></strong></span> <span class='ocrx_word' id='word_1_127' title='bbox 520 2014 708 2096; x_wconf 77' lang='grc' dir='ltr'><strong><em>κατήγαγον</em></strong></span> <span class='ocrx_word' id='word_1_128' title='bbox 732 2010 999 2088; x_wconf 89' lang='grc' dir='ltr'><strong><em>ἀποσαλεύοντας</em></strong></span> <span class='ocrx_word' id='word_1_129' title='bbox 1021 2011 1062 2076; x_wconf 82' lang='grc' dir='ltr'><strong><em>οὐ</em></strong></span> <span class='ocrx_word' id='word_1_130' title='bbox 1080 2015 1195 2098; x_wconf 88' lang='grc' dir='ltr'><strong><em>πρόσω</em></strong></span> 
     </span>
     <span class='ocr_line' id='line_1_18' title="bbox 176 2112 1196 2204; baseline 0.001 -22"><span class='ocrx_word' id='word_1_131' title='bbox 176 2129 244 2183; x_wconf 80' lang='grc' dir='ltr'><strong><em>τῶν</em></strong></span> <span class='ocrx_word' id='word_1_132' title='bbox 271 2116 415 2202; x_wconf 67' lang='grc' dir='ltr'><strong><em>λιμένων</em></strong></span> <span class='ocrx_word' id='word_1_133' title='bbox 441 2115 496 2183; x_wconf 79' lang='grc' dir='ltr'><strong><em>καὶ</em></strong></span> <span class='ocrx_word' id='word_1_134' title='bbox 524 2119 564 2182; x_wconf 94' lang='grc' dir='ltr'><strong><em>τά</em></strong></span> <span class='ocrx_word' id='word_1_135' title='bbox 591 2141 625 2183; x_wconf 91' lang='grc' dir='ltr'><strong><em>τε</em></strong></span> <span class='ocrx_word' id='word_1_136' title='bbox 653 2115 790 2204; x_wconf 77' lang='grc' dir='ltr'><strong><em>χρήματ’</em></strong></span> <span class='ocrx_word' id='word_1_137' title='bbox 817 2117 928 2183; x_wconf 81' lang='grc' dir='ltr'><strong><em>αὐτῶν</em></strong></span> <span class='ocrx_word' id='word_1_138' title='bbox 956 2112 1001 2194; x_wconf 78' lang='grc' dir='ltr'><strong><em>ἀς</em></strong></span> <span class='ocrx_word' id='word_1_139' title='bbox 1026 2123 1196 2202; x_wconf 90' lang='grc' dir='ltr'><strong><em>πολεμίων</em></strong></span> 
     </span>
     <span class='ocr_line' id='line_1_19' title="bbox 178 2221 1196 2310; baseline 0.002 -22"><span class='ocrx_word' id='word_1_140' title='bbox 178 2221 223 2288; x_wconf 81' lang='grc' dir='ltr'><strong><em>δι’</em></strong></span> <span class='ocrx_word' id='word_1_141' title='bbox 254 2225 414 2309; x_wconf 85' lang='grc' dir='ltr'><strong><em>ὠφελείας</em></strong></span> <span class='ocrx_word' id='word_1_142' title='bbox 443 2226 578 2310; x_wconf 79' lang='grc' dir='ltr'><strong><em>ἔθεντο,</em></strong></span> <span class='ocrx_word' id='word_1_143' title='bbox 607 2222 662 2290; x_wconf 81' lang='grc' dir='ltr'><strong><em>καὶ</em></strong></span> <span class='ocrx_word' id='word_1_144' title='bbox 692 2225 732 2290; x_wconf 81' lang='grc' dir='ltr'><strong><em>τὰ</em></strong></span> <span class='ocrx_word' id='word_1_145' title='bbox 762 2226 896 2308; x_wconf 84' lang='grc' dir='ltr'><strong><em>σώματα</em></strong></span> <span class='ocrx_word' id='word_1_146' title='bbox 925 2227 1196 2302; x_wconf 87' lang='grc' dir='ltr'><strong><em>κατακλείσαντες</em></strong></span> 
     </span>
     <span class='ocr_line' id='line_1_20' title="bbox 140 2325 1195 2417; baseline 0.002 -22"><span class='ocrx_word' id='word_1_147' title='bbox 140 2325 269 2416; x_wconf 90' lang='grc' dir='ltr'><strong><em>4είχον</em></strong></span> <span class='ocrx_word' id='word_1_148' title='bbox 297 2329 333 2396; x_wconf 81' lang='grc' dir='ltr'><strong><em>έν</em></strong></span> <span class='ocrx_word' id='word_1_149' title='bbox 360 2337 501 2417; x_wconf 80' lang='grc' dir='ltr'><strong><em>φυλακή.</em></strong></span> <span class='ocrx_word' id='word_1_150' title='bbox 547 2341 650 2398; x_wconf 85' lang='grc' dir='ltr'><strong><em>ταῦτα</em></strong></span> <span class='ocrx_word' id='word_1_151' title='bbox 677 2334 843 2416; x_wconf 75' lang='grc' dir='ltr'><strong><em>μαθόντες</em></strong></span> <span class='ocrx_word' id='word_1_152' title='bbox 871 2331 907 2397; x_wconf 82' lang='grc' dir='ltr'><strong><em>οἱ</em></strong></span> <span class='ocrx_word' id='word_1_153' title='bbox 929 2331 1049 2397; x_wconf 80' lang='grc' dir='ltr'><strong><em>ὕπατοι</em></strong></span> <span class='ocrx_word' id='word_1_154' title='bbox 1077 2330 1195 2409; x_wconf 72' lang='grc' dir='ltr'><strong><em>λξοὸον</em></strong></span> 
     </span>
     <span class='ocr_line' id='line_1_21' title="bbox 137 2435 1196 2525; baseline 0.002 -25"><span class='ocrx_word' id='word_1_155' title='bbox 137 2455 164 2496; x_wconf 80' lang='grc' dir='ltr'><strong><em>ω</em></strong></span> <span class='ocrx_word' id='word_1_156' title='bbox 178 2435 383 2521; x_wconf 79' lang='grc' dir='ltr'><strong><em>ἐψηφίσαντο</em></strong></span> <span class='ocrx_word' id='word_1_157' title='bbox 407 2436 460 2503; x_wconf 86' lang='grc' dir='ltr'><strong><em>έπὶ</em></strong></span> <span class='ocrx_word' id='word_1_158' title='bbox 483 2441 561 2515; x_wconf 90' lang='grc' dir='ltr'><strong><em>τοὺς</em></strong></span> <span class='ocrx_word' id='word_1_159' title='bbox 579 2435 759 2522; x_wconf 80' lang='grc' dir='ltr'><strong><em>Ἀντιάτας,</em></strong></span> <span class='ocrx_word' id='word_1_160' title='bbox 781 2436 895 2522; x_wconf 83' lang='grc' dir='ltr'><strong><em>,έπειθή</em></strong></span> <span class='ocrx_word' id='word_1_161' title='bbox 918 2435 1196 2525; x_wconf 79' lang='grc' dir='ltr'><strong><em>πρεσβευομένοις</em></strong></span> 
     </span>
     <span class='ocr_line' id='line_1_22' title="bbox 177 2539 1195 2627; baseline -0.001 -18"><span class='ocrx_word' id='word_1_162' title='bbox 177 2543 291 2620; x_wconf 78' lang='grc' dir='ltr'><strong><em>αὐτοῖς</em></strong></span> <span class='ocrx_word' id='word_1_163' title='bbox 314 2539 414 2608; x_wconf 77' lang='grc' dir='ltr'><strong><em>οὐδέν</em></strong></span> <span class='ocrx_word' id='word_1_164' title='bbox 436 2541 552 2626; x_wconf 86' lang='grc' dir='ltr'><strong><em>ήξίουν</em></strong></span> <span class='ocrx_word' id='word_1_165' title='bbox 574 2555 642 2609; x_wconf 81' lang='grc' dir='ltr'><strong><em>τῶν</em></strong></span> <span class='ocrx_word' id='word_1_166' title='bbox 666 2545 805 2609; x_wconf 77' lang='grc' dir='ltr'><strong><em>δικαίων</em></strong></span> <span class='ocrx_word' id='word_1_167' title='bbox 827 2554 950 2608; x_wconf 78' lang='grc' dir='ltr'><strong><em>ποιεῖν·</em></strong></span> <span class='ocrx_word' id='word_1_168' title='bbox 980 2540 1035 2608; x_wconf 83' lang='grc' dir='ltr'><strong><em>καὶ</em></strong></span> <span class='ocrx_word' id='word_1_169' title='bbox 1056 2545 1195 2627; x_wconf 89' lang='grc' dir='ltr'><strong><em>ποιησά-</em></strong></span> 
     </span>
     <span class='ocr_line' id='line_1_23' title="bbox 178 2647 1195 2736; baseline 0 -20"><span class='ocrx_word' id='word_1_170' title='bbox 178 2674 272 2735; x_wconf 92' lang='grc' dir='ltr'><strong><em>μενοι</em></strong></span> <span class='ocrx_word' id='word_1_171' title='bbox 294 2660 362 2716; x_wconf 82' lang='grc' dir='ltr'><strong><em>τῶν</em></strong></span> <span class='ocrx_word' id='word_1_172' title='bbox 386 2648 423 2714; x_wconf 88' lang='grc' dir='ltr'><strong><em>έν</em></strong></span> <span class='ocrx_word' id='word_1_173' title='bbox 447 2648 533 2736; x_wconf 78' lang='grc' dir='ltr'><strong><em>ἀκμή</em></strong></span> <span class='ocrx_word' id='word_1_174' title='bbox 557 2650 740 2733; x_wconf 91' lang='grc' dir='ltr'><strong><em>κατάλογον</em></strong></span> <span class='ocrx_word' id='word_1_175' title='bbox 762 2647 898 2736; x_wconf 77' lang='grc' dir='ltr'><strong><em>ἐξῄεσαν</em></strong></span> <span class='ocrx_word' id='word_1_176' title='bbox 917 2649 1110 2735; x_wconf 87' lang='grc' dir='ltr'><strong><em>ἀμφότεροι,</em></strong></span> <span class='ocrx_word' id='word_1_177' title='bbox 1131 2653 1195 2734; x_wconf 81' lang='grc' dir='ltr'><strong><em>ψή-</em></strong></span> 
     </span>
     <span class='ocr_line' id='line_1_24' title="bbox 176 2752 1195 2844; baseline -0.001 -21"><span class='ocrx_word' id='word_1_178' title='bbox 176 2774 284 2843; x_wconf 91' lang='grc' dir='ltr'><strong><em>φισμα</em></strong></span> <span class='ocrx_word' id='word_1_179' title='bbox 313 2757 521 2844; x_wconf 81' lang='grc' dir='ltr'><strong><em>κυρώσαντες</em></strong></span> <span class='ocrx_word' id='word_1_180' title='bbox 550 2752 634 2840; x_wconf 72' lang='grc' dir='ltr'><strong><em>ὑπὲρ</em></strong></span> <span class='ocrx_word' id='word_1_181' title='bbox 665 2756 831 2841; x_wconf 82' lang='grc' dir='ltr'><strong><em>ἀναβολῆς</em></strong></span> <span class='ocrx_word' id='word_1_182' title='bbox 860 2767 927 2822; x_wconf 81' lang='grc' dir='ltr'><strong><em>τῶν</em></strong></span> <span class='ocrx_word' id='word_1_183' title='bbox 955 2753 983 2821; x_wconf 86' lang='grc' dir='ltr'><strong><em>τ’</em></strong></span> <span class='ocrx_word' id='word_1_184' title='bbox 1014 2758 1110 2822; x_wconf 78' lang='grc' dir='ltr'><strong><em>ίᾶίων</em></strong></span> <span class='ocrx_word' id='word_1_185' title='bbox 1138 2755 1195 2822; x_wconf 85' lang='grc' dir='ltr'><strong><em>καὶ</em></strong></span> 
     </span>
     <span class='ocr_line' id='line_1_25' title="bbox 176 2857 1196 2948; baseline 0.001 -20"><span class='ocrx_word' id='word_1_186' title='bbox 176 2875 244 2930; x_wconf 81' lang='grc' dir='ltr'><strong><em>τῶν</em></strong></span> <span class='ocrx_word' id='word_1_187' title='bbox 274 2865 444 2948; x_wconf 82' lang='grc' dir='ltr'><strong><em>δημοσίων</em></strong></span> <span class='ocrx_word' id='word_1_188' title='bbox 472 2863 592 2948; x_wconf 77' lang='grc' dir='ltr'><strong><em>δικῶν,</em></strong></span> <span class='ocrx_word' id='word_1_189' title='bbox 621 2864 702 2928; x_wconf 86' lang='grc' dir='ltr'><strong><em>ὅσον</em></strong></span> <span class='ocrx_word' id='word_1_190' title='bbox 730 2862 772 2928; x_wconf 87' lang='grc' dir='ltr'><strong><em>ἀν</em></strong></span> <span class='ocrx_word' id='word_1_191' title='bbox 798 2866 922 2948; x_wconf 88' lang='grc' dir='ltr'><strong><em>χρόνον</em></strong></span> <span class='ocrx_word' id='word_1_192' title='bbox 950 2857 1033 2928; x_wconf 77' lang='grc' dir='ltr'><strong><em>ὦσιν</em></strong></span> <span class='ocrx_word' id='word_1_193' title='bbox 1060 2862 1098 2928; x_wconf 89' lang='grc' dir='ltr'><strong><em>έν</em></strong></span> <span class='ocrx_word' id='word_1_194' title='bbox 1125 2876 1196 2941; x_wconf 80' lang='grc' dir='ltr'><strong><em>τοῖς</em></strong></span> 
     </span>
     <span class='ocr_line' id='line_1_26' title="bbox 139 2947 1195 3063; baseline 0.002 -29"><span class='ocrx_word' id='word_1_195' title='bbox 139 2947 302 3063; x_wconf 62' lang='grc' dir='ltr'><strong><em>ἕξὸπλοις.</em></strong></span> <span class='ocrx_word' id='word_1_196' title='bbox 353 2966 482 3054; x_wconf 80' lang='grc' dir='ltr'><strong><em>ἐγένετο</em></strong></span> <span class='ocrx_word' id='word_1_197' title='bbox 513 2967 543 3034; x_wconf 83' lang='grc' dir='ltr'><strong><em>θ’</em></strong></span> <span class='ocrx_word' id='word_1_198' title='bbox 572 2965 669 3047; x_wconf 84' lang='grc' dir='ltr'><strong><em>οὗτος</em></strong></span> <span class='ocrx_word' id='word_1_199' title='bbox 697 2968 757 3057; x_wconf 85' lang='grc' dir='ltr'><strong><em>οὐχ</em></strong></span> <span class='ocrx_word' id='word_1_200' title='bbox 785 2968 866 3034; x_wconf 83' lang='grc' dir='ltr'><strong><em>ὅσον</em></strong></span> <span class='ocrx_word' id='word_1_201' title='bbox 894 2967 1078 3054; x_wconf 80' lang='grc' dir='ltr'><strong><em>ὑπέλαβον,</em></strong></span> <span class='ocrx_word' id='word_1_202' title='bbox 1110 2969 1195 3036; x_wconf 86' lang='grc' dir='ltr'><strong><em>ἀλλά</em></strong></span> 
     </span>
    </p>
   </div>
   <div class='ocr_carea' id='block_1_3' title="bbox 177 3157 1197 3444">
    <p class='ocr_par' dir='ltr' id='par_1_3' title="bbox 177 3157 1197 3444">
     <span class='ocr_line' id='line_1_27' title="bbox 250 3157 1197 3232; baseline 0.005 -20"><span class='ocrx_word' id='word_1_203' title='bbox 250 3165 266 3212; x_wconf 81' lang='lat'><strong>2</strong></span> <span class='ocrx_word' id='word_1_204' title='bbox 292 3157 423 3215; x_wconf 87' lang='grc' dir='ltr'><strong><em>πείθοιεν</em></strong></span> <span class='ocrx_word' id='word_1_205' title='bbox 447 3160 501 3216; x_wconf 82' lang='lat' dir='ltr'>del.</span> <span class='ocrx_word' id='word_1_206' title='bbox 525 3160 614 3216; x_wconf 80' lang='lat' dir='ltr'>Cobet</span> <span class='ocrx_word' id='word_1_207' title='bbox 638 3161 703 3217; x_wconf 81' lang='lat' dir='ltr'>obs.</span> <span class='ocrx_word' id='word_1_208' title='bbox 727 3179 754 3231; x_wconf 87' lang='lat' dir='ltr'><strong><em>p.</em></strong></span> <span class='ocrx_word' id='word_1_209' title='bbox 774 3167 825 3216; x_wconf 83' lang='lat'><strong><em>141</em></strong></span> <span class='ocrx_word' id='word_1_210' title='bbox 898 3165 914 3214; x_wconf 93' lang='grc'><strong>8</strong></span> <span class='ocrx_word' id='word_1_211' title='bbox 942 3161 1106 3229; x_wconf 88' lang='grc' dir='ltr'><strong><em>ἀναγκαίων</em></strong></span> <span class='ocrx_word' id='word_1_212' title='bbox 1128 3167 1197 3232; x_wconf 76' lang='lat' dir='ltr'><strong>post</strong></span> 
     </span>
     <span class='ocr_line' id='line_1_28' title="bbox 180 3230 1195 3305; baseline 0.005 -21"><span class='ocrx_word' id='word_1_213' title='bbox 180 3233 242 3303; x_wconf 90' lang='grc' dir='ltr'><strong><em>βίον</em></strong></span> <span class='ocrx_word' id='word_1_214' title='bbox 261 3230 325 3285; x_wconf 77' lang='lat' dir='ltr'>add.</span> <span class='ocrx_word' id='word_1_215' title='bbox 344 3231 368 3284; x_wconf 95' lang='lat' dir='ltr'><strong>B</strong></span> <span class='ocrx_word' id='word_1_216' title='bbox 385 3234 389 3301; x_wconf 92' lang='grc' dir='ltr'>Ι</span> <span class='ocrx_word' id='word_1_217' title='bbox 405 3232 475 3301; x_wconf 82' lang='grc' dir='ltr'><strong><em>πρὸς</em></strong></span> <span class='ocrx_word' id='word_1_218' title='bbox 491 3233 541 3287; x_wconf 78' lang='grc' dir='ltr'><strong><em>τὸν</em></strong></span> <span class='ocrx_word' id='word_1_219' title='bbox 561 3234 623 3305; x_wconf 90' lang='grc' dir='ltr'><strong><em>βίον</em></strong></span> <span class='ocrx_word' id='word_1_220' title='bbox 642 3232 695 3288; x_wconf 81' lang='lat' dir='ltr'>del.</span> <span class='ocrx_word' id='word_1_221' title='bbox 715 3233 824 3302; x_wconf 78' lang='lat' dir='ltr'><strong>Kayser</strong></span> <span class='ocrx_word' id='word_1_222' title='bbox 841 3233 912 3288; x_wconf 81' lang='lat' dir='ltr'>Anu.</span> <span class='ocrx_word' id='word_1_223' title='bbox 927 3231 997 3301; x_wconf 88' lang='lat' dir='ltr'>phil.</span> <span class='ocrx_word' id='word_1_224' title='bbox 1016 3239 1083 3288; x_wconf 85' lang='grc'><strong>1868</strong></span> <span class='ocrx_word' id='word_1_225' title='bbox 1101 3251 1128 3303; x_wconf 84' lang='lat' dir='ltr'><strong><em>p.</em></strong></span> <span class='ocrx_word' id='word_1_226' title='bbox 1141 3240 1195 3290; x_wconf 83' lang='lat'><strong><em>814</em></strong></span> 
     </span>
     <span class='ocr_line' id='line_1_29' title="bbox 179 3301 1195 3373; baseline 0.002 -17"><span class='ocrx_word' id='word_1_227' title='bbox 179 3307 213 3356; x_wconf 77' lang='lat'><strong><em>15</em></strong></span> <span class='ocrx_word' id='word_1_228' title='bbox 237 3301 272 3355; x_wconf 82' lang='lat' dir='ltr'><strong><em>de</em></strong></span> <span class='ocrx_word' id='word_1_229' title='bbox 296 3305 412 3356; x_wconf 71' lang='lat' dir='ltr'><strong>accentu</strong></span> <span class='ocrx_word' id='word_1_230' title='bbox 435 3302 513 3357; x_wconf 83' lang='lat' dir='ltr'><strong>vocis</strong></span> <span class='ocrx_word' id='word_1_231' title='bbox 528 3301 666 3358; x_wconf 78' lang='grc' dir='ltr'><strong><em>Ἀντιάται</em></strong></span> <span class='ocrx_word' id='word_1_232' title='bbox 688 3304 722 3359; x_wconf 83' lang='lat' dir='ltr'><strong><em>ef.</em></strong></span> <span class='ocrx_word' id='word_1_233' title='bbox 743 3303 854 3358; x_wconf 75' lang='lat' dir='ltr'><strong>Ritschl</strong></span> <span class='ocrx_word' id='word_1_234' title='bbox 878 3320 972 3373; x_wconf 75' lang='lat' dir='ltr'>opusc.</span> <span class='ocrx_word' id='word_1_235' title='bbox 995 3303 1064 3372; x_wconf 86' lang='lat' dir='ltr'>phil.</span> <span class='ocrx_word' id='word_1_236' title='bbox 1088 3307 1157 3360; x_wconf 79' lang='lat' dir='ltr'><strong>tom.</strong></span> <span class='ocrx_word' id='word_1_237' title='bbox 1182 3307 1195 3358; x_wconf 88' lang='lat'>1</span> 
     </span>
     <span class='ocr_line' id='line_1_30' title="bbox 177 3373 1194 3444; baseline 0.004 -18"><span class='ocrx_word' id='word_1_238' title='bbox 177 3392 205 3443; x_wconf 89' lang='lat' dir='ltr'><strong><em>p.</em></strong></span> <span class='ocrx_word' id='word_1_239' title='bbox 226 3377 277 3426; x_wconf 78' lang='lat'><strong><em>500</em></strong></span> <span class='ocrx_word' id='word_1_240' title='bbox 300 3374 358 3427; x_wconf 81' lang='lat' dir='ltr'><strong>not.</strong></span> <span class='ocrx_word' id='word_1_241' title='bbox 382 3373 565 3428; x_wconf 81' lang='lat' dir='ltr'><strong>Wannowski</strong></span> <span class='ocrx_word' id='word_1_242' title='bbox 589 3374 624 3428; x_wconf 81' lang='lat' dir='ltr'><strong><em>de</em></strong></span> <span class='ocrx_word' id='word_1_243' title='bbox 647 3376 757 3430; x_wconf 77' lang='lat' dir='ltr'>ratione</span> <span class='ocrx_word' id='word_1_244' title='bbox 780 3393 836 3444; x_wconf 77' lang='lat' dir='ltr'><strong><em>qua</em></strong></span> <span class='ocrx_word' id='word_1_245' title='bbox 859 3373 957 3429; x_wconf 73' lang='lat' dir='ltr'>Graeci</span> <span class='ocrx_word' id='word_1_246' title='bbox 982 3373 1012 3428; x_wconf 91' lang='lat' dir='ltr'><strong><em>in</em></strong></span> <span class='ocrx_word' id='word_1_247' title='bbox 1036 3374 1194 3430; x_wconf 78' lang='lat' dir='ltr'>scribendis</span> 
     </span>
    </p>
   </div>
   <div class='ocr_carea' id='block_1_4' title="bbox 177 3442 1194 3586">
    <p class='ocr_par' dir='ltr' id='par_1_4' title="bbox 177 3442 1194 3586">
     <span class='ocr_line' id='line_1_31' title="bbox 177 3442 1194 3514; baseline 0.001 -15"><span class='ocrx_word' id='word_1_248' title='bbox 177 3442 340 3499; x_wconf 76' lang='lat' dir='ltr'><strong>nominibus</strong></span> <span class='ocrx_word' id='word_1_249' title='bbox 368 3444 489 3514; x_wconf 80' lang='lat' dir='ltr'><strong>propriis</strong></span> <span class='ocrx_word' id='word_1_250' title='bbox 507 3445 699 3499; x_wconf 82' lang='lat' dir='ltr'><strong>Romanorum</strong></span> <span class='ocrx_word' id='word_1_251' title='bbox 727 3446 771 3500; x_wconf 83' lang='lat' dir='ltr'><strong><em>usi</em></strong></span> <span class='ocrx_word' id='word_1_252' title='bbox 798 3445 910 3501; x_wconf 80' lang='lat' dir='ltr'><strong>fuerint.</strong></span> <span class='ocrx_word' id='word_1_253' title='bbox 947 3445 1105 3502; x_wconf 70' lang='lat' dir='ltr'>Poenaniae</span> <span class='ocrx_word' id='word_1_254' title='bbox 1125 3451 1194 3500; x_wconf 84' lang='grc'><strong>1886</strong></span> 
     </span>
     <span class='ocr_line' id='line_1_32' title="bbox 178 3515 659 3586; baseline 0 -16"><span class='ocrx_word' id='word_1_255' title='bbox 178 3521 258 3586; x_wconf 78' lang='lat' dir='ltr'><strong>p.15</strong></span> <span class='ocrx_word' id='word_1_256' title='bbox 322 3521 356 3570; x_wconf 78' lang='lat'><strong><em>22</em></strong></span> <span class='ocrx_word' id='word_1_257' title='bbox 375 3523 431 3569; x_wconf 83' lang='grc' dir='ltr'><strong><em>τῶν</em></strong></span> <span class='ocrx_word' id='word_1_258' title='bbox 450 3515 526 3569; x_wconf 90' lang='lat' dir='ltr'><strong><em>ABb</em></strong></span> <span class='ocrx_word' id='word_1_259' title='bbox 545 3516 594 3570; x_wconf 77' lang='grc' dir='ltr'><strong><em>τὸν</em></strong></span> <span class='ocrx_word' id='word_1_260' title='bbox 612 3516 659 3570; x_wconf 74' lang='lat' dir='ltr'><strong><em>Ba</em></strong></span> 
     </span>
    </p>
   </div>
   <div class='ocr_carea' id='block_1_5' title="bbox 0 0 1342 3978">
    <p class='ocr_par' dir='ltr' id='par_1_5' title="bbox 0 0 1342 3978">
     <span class='ocr_line' id='line_1_33' title="bbox 0 0 1342 3978; baseline 0 0"><span class='ocrx_word' id='word_1_261' title='bbox 0 0 1342 3978; x_wconf 95' lang='lat' dir='ltr'><strong><em> </em></strong></span> 
     </span>
    </p>
   </div>
  </div>
 </body>
</html>
