2586 3972
162 197 228 262 ιω
585 195 755 246 -ο-

69 389 71 394 ·
162 361 264 426 κακόν
288 382 322 423 τε
346 357 402 424 καί
421 358 632 444 ἀπρόθυμον,
656 353 815 440 διαμένον
835 354 871 419 έν
890 365 959 432 τοῖς
977 356 1184 439 δημοτικοῖς,

163 465 197 543 έξ
221 461 262 530 οὗ
285 463 361 551 περὶ
385 473 443 549 της
464 467 663 550 κληρουχίας
682 464 928 546 διεστασίασαν,
950 461 1194 547 ὑφορώμενον,
1287 543 1288 558 χ

164 574 211 636 ἔτι
242 572 304 657 γάρ
335 570 449 648 αὐτοῖς
478 572 601 634 ἔναυλα
630 566 685 633 καί
714 569 779 651 πρὸ
810 567 966 651 ὀμμάτων
995 563 1055 651 ἦν,
1085 567 1107 632 ἃ
1135 577 1182 654 τῷ
1287 563 1288 568 ’

162 680 365 763 παρελθόντι
398 676 538 763 ἐνιαυτῷ
572 675 653 740 κατὰ
686 676 723 740 τὸ
754 676 891 756 ἔγκοτον
919 683 978 757 τῆς
1007 676 1092 759 πρὸς
1122 676 1183 740 τὸν

136 811 150 851 ε
163 784 290 850 ὕπατον
304 793 399 868 τιμῆς
417 783 536 868 αἰσχρὰ
554 779 609 846 καὶ
629 779 746 859 άνάξια
759 789 816 864 τῆς
830 783 958 857 πόλεως
972 780 1183 866 εἰργάσαντο,
1288 815 1289 836 2

163 893 461 975 παραχωρήσαντες
490 898 547 972 της
574 891 668 972 νίκης
694 897 765 964 τοῖς
790 886 962 970 ἡττηθεῖσι
989 885 1044 951 καὶ
1072 897 1185 972 φυγῆς

51 1043 53 1048 -
164 997 292 1071 όνειδος
310 996 372 1060 οὐκ
391 991 515 1079 ἀληθὲς
532 993 780 1078 ὑπομείναντες,
799 993 918 1084 ἵναμὴ
937 992 1106 1080 καταγάγη
1123 996 1184 1059 τὸν

163 1100 325 1170 ἐπινίκιον
348 1105 518 1188 θρίαμβον
542 1101 560 1166 ό
583 1100 677 1230 ἀνήρ.

230 1207 321 1274 VIII.
345 1211 554 1291 Βουλόμενοι
578 1208 672 1289 δη
642 1231 679 1272 το
704 1206 839 1284 στασιάζ
837 1229 879 1271 ον
823 1204 933 1284 ζέκ
951 1216 1010 1289 της
1027 1216 1185 1290 στρατιᾶς

124 1343 150 1381 10
164 1313 342 1393 ε’ξελεῖυί
310 1338 358 1392 ες
380 1313 473 1391 τέλος
494 1312 550 1379 καί
573 1322 773 1398 καταστῆσαι
795 1313 896 1378 πάλιν
920 1315 967 1389 εἰς
988 1313 1050 1396 τὴν
1071 1311 1105 1390 ἐξ
1125 1311 1185 1394 άρ-

164 1429 222 1504 χης
245 1421 407 1504 ὁμόνοιαν
430 1421 519 1485 άπαν
537 1421 574 1484 τὸ
593 1422 734 1502 πλῆθος,
757 1415 862 1483 καλί
831 1418 862 1483 ε
862 1443 878 1494 ς
896 1418 934 1482 ἓν
952 1427 1050 1484 τοῦτο
1070 1427 1185 1484 πᾶσαν

163 1528 394 1613 εἰσφερόμενοι
417 1529 545 1611 βουλήν
568 1549 602 1590 τε
626 1523 681 1590 καί
699 1527 875 1608 πρόνοιαν,
896 1522 1009 1609 ἐπειδὴ
1029 1525 1108 1590 οὔτε
1128 1550 1185 1592 κο-

164 1632 256 1698 λάσει
275 1630 396 1717 μέρους
414 1633 505 1709 τινὸς
522 1629 796 1716 σωφρονέστερον
811 1629 995 1696 ἀποδοῦναι
1009 1633 1047 1697 τὸ
1063 1635 1186 1699 λοιπὸν

163 1734 221 1823 ἦν,
249 1741 335 1803 πολὺ
364 1735 419 1802 καί
447 1738 638 1814 αυθαδες
621 1737 772 1823 υπάρχον
799 1735 854 1801 καί
877 1738 916 1802 τά
939 1737 1025 1803 ὅπλα
1048 1736 1087 1803 έν
1111 1750 1292 1816 magma

124 1873 149 1912 ιε
163 1842 278 1930 χερσίν
307 1847 399 1931 ἕχον,
427 1845 504 1909 οὔτε
531 1850 648 1909 πειθοῖ
672 1843 944 1929 προσαγαγέσθαι
970 1847 1082 1928 λόγων
1105 1848 1187 1923 τοὺς

164 1947 244 2016 οὐδὲ
276 1958 455 2035 πεισθῆναι
488 1947 729 2035 βουλομένους,
767 1950 829 2015 δύο
861 1951 981 2027 ταύτας
1012 1949 1186 2036 ὑπέλαβον

164 2061 301 2123 ἔσεσθαι
324 2069 392 2123 τῶν
415 2060 659 2135 στασιαζόντων
683 2058 788 2133 αἰτίας
810 2065 868 2139 τῆς
891 2058 1087 2142 διαλλαγῆς,
1115 2069 1187 2136 τοῖς

164 2160 225 2248 μὲν
240 2162 480 2247 ἐπιεικεστέρας
494 2165 707 2248 μετειληφόσι
721 2164 898 2248 φύσεως-
908 2162 989 2245 ένῆν
1003 2165 1067 2250 γάρ
1082 2190 1114 2230 τι
1130 2163 1187 2231 καί

165 2281 319 2336 τοιοῦτον
339 2271 375 2336 έν
395 2279 439 2358 τῷ
464 2269 576 2358 πολλῷ
593 2307 634 2316 -
652 2270 714 2352 την
733 2268 787 2335 ἐπί
804 2281 875 2348 τοίς
893 2269 1098 2355 ὀνειδισμοῖς
1116 2283 1187 2337 τῶν

123 2405 151 2444 ω
165 2380 333 2460 πολεμίων
357 2379 532 2464 αἰσχύνην,
554 2388 624 2453 τοῖς
647 2371 684 2441 δέ
709 2378 915 2459 δυσαγώγοις
938 2375 992 2442 έπί
1010 2379 1048 2443 τὸ
1067 2381 1188 2463 καλόν,

129 2482 251 2565 2ἣν”
230 2501 339 2548 απασα
364 2481 514 2549 δέδοικεν
538 2482 722 2568 ἀνθρώπου
746 2483 847 2568 φύσις
865 2482 1021 2566 ἀνάγκην
1059 2485 1117 2548 ἵνα
1143 2485 1187 2569 δὴ

164 2599 266 2655 ταῦτα
290 2588 420 2673 γένοιτο
444 2589 631 2675 ἀμφότερα,
659 2589 786 2674 έφηκαν
809 2601 877 2666 τοῖς
901 2592 1072 2672 πολεμίοις
1095 2592 1187 2679 λόγφ

163 2693 190 2761 τ’
220 2698 391 2783 αἰσχύνειν
418 2700 610 2775 κακίζοντας
637 2705 734 2780 σφῶν
756 2695 802 2772 ὡς
825 2697 995 2782 ἄνανδρον
1018 2697 1081 2778 την
1103 2696 1187 2778 ἡσυ-

62 2868 64 2873 ,
163 2807 252 2888 χίαν,
274 2801 371 2867 κα1”
353 2827 463 2888 εργοις
480 2803 664 2888 ὑπεροψίας
681 2825 716 2866 τε
735 2799 789 2866 καὶ
807 2805 1087 2889 καταφρονήσεως
1104 2808 1187 2868 πολ-

124 2927 150 2968 εε
165 2915 223 2994 λης
242 2907 432 2993 γινομένοις
446 2908 643 2992 ἀναγκάζειν
657 2908 809 2994 ἀγαθοὺς
823 2907 981 2992 γενέσθαι
996 2912 1075 2987 τοὺς
1089 2907 1186 2975 ἑκου-

237 3037 254 3083 1
277 3029 347 3098 πρὸς
365 3029 450 3084 τὸν”
433 3047 585 3086 υπατονυ.
604 3030 707 3084 Reiske
781 3032 881 3099 bpost
899 3038 979 3100 τιμῆς
998 3031 1099 3100 partic.
1119 3032 1187 3102 ἀμε-

165 3105 277 3162 λοῦντες
300 3100 346 3155 vel
370 3101 461 3171 άφαιρ
463 3110 559 3162 οῦντες
583 3101 648 3154 add.
673 3101 781 3170 Kayser
803 3101 874 3156 Ann.
895 3101 964 3171 phil.
990 3107 1060 3156 1668
1084 3121 1111 3172 p.
1132 3108 1187 3158 816

166 3179 198 3226 15
219 3172 288 3244 λό<γ
290 3170 393 3245 >ωνΒ
459 3178 491 3228 16
512 3172 575 3227 οὔτε
595 3172 617 3226 O
638 3172 704 3227 οὐδὲ
691 3171 827 3227 ὲΒιείεΙω
847 3178 851 3240 1
872 3177 1020 3227 πισθείναι
1039 3173 1087 3227 Ba
1153 3180 1187 3228 17

166 3241 283 3298 ἔσεσθαι
302 3243 365 3295 add.
387 3244 408 3296 Β
478 3251 510 3297 19
530 3247 621 3316 πολλῷ
640 3242 790 3310 πληθειο.
809 3240 913 3298 Reiske
978 3249 1013 3298 24
1031 3243 1189 3332 γενομένης

164 3313 215 3367 Ac
235 3311 384 3396 γενομένης
402 3314 425 3368 Β
444 3298 610 3384 γενομένοις
625 3314 749 3368 Sintenis
763 3310 824 3368 Em
841 3313 921 3370 Dion.
936 3315 1007 3369 1111
1025 3335 1123 3384 γινομε
1090 3313 1189 3384 μένοις

164 3383 309 3454 Kiessling
328 3383 480 3454 γενομένης
495 3385 549 3440 δε1.
564 3385 674 3454 Kayser
686 3387 758 3441 Ann
773 3385 844 3455 phil.
861 3391 971 3456 1868p.
987 3392 1039 3440 816
1056 3387 1060 3458 1
1077 3387 1189 3456 ἄνδρας

165 3455 336 3524 ἀγαθουςε.
315 3455 447 3510 ocobet
467 3456 532 3511 obs.
551 3475 579 3525 p.
601 3461 679 3525 1711
705 3451 851 3520 ἑκουσίους
869 3457 915 3511 Ba
