2656 3974
565 263 731 315 -Θ,

139 419 275 504 τηκέναι
304 419 359 486 καί
388 426 426 490 τὸ
457 424 605 500 αὔθαδες
635 426 718 509 πρὸς
746 428 825 502 τοὺς
854 426 1156 508 μεταδιδάσκοντας

138 527 334 613 φυλάττων,
360 530 466 614 [μετὰ]
491 531 651 617 αἰσχύνης
674 529 769 609 άξιον
791 542 908 615 πτῶμα
931 533 1056 597 ἔπεσεν.
1103 525 1192 598 οἴαξ)

139 636 204 718 γὰρ
233 634 265 714 ἐξ
288 635 492 721 ὑπερδεξίων
515 636 620 702 αὑτοῦ
642 639 753 703 τόπων
777 638 813 702 οί
832 635 984 723 πολέμιοι
1008 639 1065 715 τὰς
1088 638 1157 716 ἐξό-

140 743 223 819 δους
246 740 397 809 ἑκάστοτε
419 744 616 828 ποιούμενοι
636 745 742 808 πολλὰ
762 742 1011 828 ἐπλεονέκτουν,
1034 743 1158 829 άγοράς

139 845 169 913 τ’
192 848 303 915 αὐτῶν
326 847 490 934 ἀγομένας
512 849 577 914 ὑπὸ
601 859 668 914 τῶν
692 847 847 937 ἐμπόρων
870 848 1080 935 ἁρπάζοντες,
1103 848 1157 916 καὶ
1185 871 1197 910 5

140 965 211 1032 τοῖς
243 952 296 1020 ἐπὶ
325 958 421 1042 χιλὸν
448 957 469 1040 ή
496 955 589 1042 ὕδωρ
618 955 892 1042 ἐκπορευομένοις
919 955 1157 1042 ἐπιτιθέμενοι·

64 1059 197 1130 ιεοοκαὶ
220 1063 438 1148 περιειστήκει
461 1071 506 1151 τῷ
531 1059 591 1147 μέν
614 1063 728 1153 ὑπάτφ
752 1065 832 1148 μήτε
855 1073 974 1150 καιροῦ
997 1058 1083 1129 εἶναι
1101 1089 1158 1130 κυ-

141 1172 222 1257 ρίῳ,
249 1167 287 1235 ἐν
313 1161 339 1257 ᾧ
368 1171 427 1235 τὸν
450 1168 564 1253 άγῶνα
589 1171 704 1253 ἔμελλε
726 1175 913 1253 ποιεῖσθαι,
939 1172 1020 1253 μήτε
1043 1175 1159 1254 τόπου,

141 1275 164 1340 ὑλ
192 1276 285 1340 δοκεῖ
309 1275 435 1359 μεγάλα
462 1270 549 1341 εἶναι
577 1277 831 1362 κατηγορήματα
857 1274 1033 1358 ἡγεμόνων
1061 1293 1158 1361 στρα-

141 1385 256 1466 τηγίας
274 1379 432 1468 ἀπείρων·
451 1393 521 1460 τοϊς
539 1379 577 1447 δέ
597 1385 782 1467 Τυρρηνοῖς
800 1380 982 1466 ἀμφότερα,
1001 1381 1045 1458 ὡς
1062 1380 1158 1466 ε’βού-
1173 1403 1198 1442 10

142 1493 258 1572 λοντο,
290 1483 356 1574 εἶχε
388 1499 499 1555 ταῦτα.
545 1487 600 1554 καὶ
632 1485 711 1554 οὐδὲ
743 1485 810 1554 τότ’
842 1487 1070 1572 ἀπαναστῆσαι
1098 1489 1193 1572 τὴνὺ

142 1595 300 1679 στρατιάν
328 1596 346 1662 ὑ
369 1597 542 1680 Μενήνιος
563 1594 757 1680 ὑπέμεινεν,
785 1593 857 1661 ἀλλ’
885 1594 1054 1678 ἐξαγαγὼν
1076 1615 1158 1678 παρ-

142 1699 256 1779 έταξεν
274 1701 318 1778 ὡς
336 1703 384 1779 είς
402 1702 522 1788 μάχην,
540 1705 797 1787 καταφρονήσας
810 1712 879 1767 τῶν
892 1703 932 1766 τά
947 1699 1159 1786 συμφέροντα

140 1807 403 1892 ὑποτιθεμένων.
438 1805 494 1874 καὶ
517 1809 553 1873 οί
572 1806 738 1893 Τυρρηνοὶ
760 1811 823 1894 τήν
846 1810 965 1875 άνοιαν
982 1818 1044 1874 τοῦ
1063 1824 1182 1892 στρα-«

142 1925 247 1998 τηγοῦ
276 1913 360 1999 μέγα
387 1915 553 2002 εὐτύχημα
580 1915 784 2000 ἡγησάμενοι
810 1914 1008 2000 κατέβαινον
1036 1913 1072 1978 ἐκ
1098 1923 1159 1979 τοῦ
1175 1933 1199 1973 15

143 2022 286 2108 χάρακος
305 2021 366 2088 οῦκ
385 2021 540 2100 ἐλάττους
558 2022 579 2106 ή
599 2022 769 2088 διπλάσιοι
787 2033 855 2088 τῶν
873 2024 1041 2104 πολεμίων
1056 2021 1158 2097 ὄντες.

144 2128 189 2205 ὡς
217 2124 254 2192 δέ
282 2126 466 2194 συνέπεσον
494 2127 664 2213 ἀλλήλοις,
691 2131 797 2214 φόνος
824 2126 973 2211 ἐγίγνετο
996 2137 1064 2190 τῶν
1082 2123 1191 2195 Ῥωλ

145 2238 254 2320 μαίων
276 2239 380 2313 πολὺς
403 2235 444 2301 οὐ
468 2235 666 2320 δυναμένων
685 2235 722 2301 ἐν
740 2245 779 2322 τῇ
798 2233 887 2313 τάξει
906 2232 1028 2318 μένειν.
1064 2231 1158 2312 ἐξεώ-

143 2349 233 2407 θουν
269 2343 332 2427 γὰρ
368 2342 489 2419 αὐτούς
523 2344 558 2408 οί
590 2340 757 2428 Τυρρηνοὶ
787 2351 847 2407 τοῦ
877 2364 912 2406 τε
942 2343 1068 2425 χωρίου
1098 2342 1159 2424 τήν

144 2449 249 2532 φύσιν
272 2451 403 2534 ἔχοντες
426 2450 599 2534 σύμμαχον
618 2446 757 2513 καὶτῶν
777 2446 1004 2532 ἐφεστηκότων
1022 2451 1161 2513 κατόπιν
1175 2469 1201 2509 ιο

143 2591 188 2602 -
208 2554 363 2634 ἐτάξαντο
387 2556 449 2640 γάρ
474 2553 527 2620 ἐπὶ
550 2555 657 2640 βάθος
679 2590 717 2600 —-
739 2553 900 2636 ἐμπτώσει
918 2557 1024 2638 πολλή
1044 2570 1161 2637 συνερ-

67 2663 313 2746 1807γούμενοι.
357 2665 527 2727 πεσόντων
555 2657 593 2725 δὲ
616 2672 683 2725 τῶν
706 2658 976 2744 ἐπιφανεστάτων
999 2665 1162 2744 λοχαγῶν,

144 2768 164 2851 ἡ
203 2770 301 2852 λοιπή
339 2779 407 2834 τῶν
433 2767 603 2850 Ῥωμαίων
639 2767 781 2849 δύναμις
813 2765 990 2850 ἐγκλίνασα
1023 2769 1162 2850 ἔφευγεν

146 2871 200 2941 ἐπὶ
232 2875 292 2940 τὸν
323 2875 461 2961 χάρακα·
500 2875 535 2938 οί
560 2871 590 2939 δ’
617 2873 848 2957 ἠκολούθουν,
877 2871 933 2938 καὶ
959 2873 1016 2950 τάς
1042 2896 1078 2937 τε
1106 2888 1163 2956 ση-

146 2985 244 3066 μαίας
276 2981 387 3046 αύτῶν
420 2979 641 3067 ἀφαιροῦνται
668 2977 723 3045 καί
751 2983 829 3057 τοὺς
855 2981 1056 3064 τραυματίας
1083 2983 1162 3044 συλ-
1177 3001 1202 3041 25
1320 2971 1321 3006 ³

218 3251 234 3298 2
255 3244 350 3313 *μετὰ
364 3243 497 3314 αἰσχύνης
510 3244 590 3299 ABG
610 3241 649 3306 είς
664 3242 735 3313 αίσχ.
751 3243 776 3295 R
795 3241 865 3312 μετὰ
879 3240 972 3296 delevi
1027 3247 1043 3294 3
1062 3239 1092 3295 οἷ
1109 3257 1163 3296 om.

146 3316 193 3369 Ba
218 3320 222 3384 Ι
249 3309 371 3384 ἐφόδους
397 3335 419 3369 υ.
442 3315 546 3370 Reiske
643 3321 674 3368 11
699 3314 939 3382 άπαναστῆναιΟ
963 3313 1164 3380 ἀπαναστῆσαι

147 3385 281 3441 Gelenius
356 3393 388 3440 17
408 3381 421 3441 ἐ
441 3384 560 3441 ένετοΑ
635 3391 667 3439 18
692 3381 844 3452 *ἐξώθουν
864 3383 886 3438 O
961 3389 993 3437 19
1017 3402 1046 3438 τε
1066 3399 1119 3436 om.
1139 3383 1165 3436 A

147 3465 180 3513 λλ
202 3453 233 3512 ἐν
251 3458 355 3512 πτώσει
370 3407 439 3511 Bag
512 3464 545 3511 22
564 3457 707 3512 πεσόντων
726 3456 758 3511 δὲ
777 3459 886 3510 πολλῶν
904 3463 960 3510 τῶν
976 3449 1165 3524 ἐπιφανεστά·

147 3550 202 3584 των
221 3531 245 3584 Α
264 3533 374 3583 πολλῶν
392 3528 456 3584 add.
477 3528 551 3598 θοις
623 3534 656 3584 25
682 3529 797 3597 σημείας
814 3526 866 3580 ΑΒ
886 3526 921 3581 τά
939 3545 968 3580 τε
988 3533 1088 3596 σημεῖα
1108 3525 1128 3581 C
