2660 3976
644 225 679 234 ..
715 195 743 245 11
779 223 812 233 ..

222 355 314 442 λέγῃ,
339 359 443 443 φαίνῃ
466 379 522 439 μοι
545 356 585 420 τά
607 357 783 421 κοινότατα
805 351 861 420 καὶ
883 354 949 419 ὑπὸ
973 355 1118 438 μηδενὸς
1140 353 1229 438 ἀγνο-
1303 336 1311 407 ἀ

222 463 347 546 ούμενα
369 465 471 546 μόνος
494 460 643 544 ἀγνοεῖν·
667 460 718 525 ὅτι
740 462 778 526 τὸ
796 464 912 544 φίλιον
934 459 955 544 ἢ
978 459 1141 545 πολέμιον
1163 456 1226 526 οὔτ’
1306 466 1315 533 ἶῚ

222 570 329 647 ὅψεως
351 569 451 655 ὁρίζει
473 568 639 654 χαρακτὴρ
663 562 732 632 οὔτ’
756 565 918 650 ὀνόματος
935 564 1042 649 θέσις,
1065 565 1150 631 ἀλλά
1168 576 1231 642 ταῖς

220 678 346 759 χρείαις
381 671 437 738 καλ
468 685 537 750 τοῖς
572 675 683 760 ἔργοις
719 673 878 756 δηλοῦται
909 673 1038 738 τούτων
1071 668 1231 759 ἑκάτερον,

194 776 386 863 εφιλοῦμέν
414 802 449 844 τε
480 779 601 856 πάντες
632 779 672 844 τά
700 779 894 864 ὠφελοῦντα
921 775 976 842 καλ
1008 787 1172 862 μισοῦμεν
1195 778 1232 842 τά

196 943 197 946 ,
220 883 420 969 βλάπτοντα,
442 883 505 950 οὐκ
526 883 717 970 ἀνθρώπων
739 894 843 950 τινῶν
864 883 945 968 ἡμῖν
963 885 1061 948 τόνδε
1084 882 1292 968 θεμένωνιεει
1314 909 1315 943 z

220 990 280 1054 τὸν
297 993 416 1074 νόμον,
437 986 517 1056 οὐδὲ
536 989 747 1056 ἀνελούντων
764 986 845 1056 ποτὲ
863 990 979 1072 αὐτόν,
1002 987 1061 1054 έάν
1079 988 1234 1054 τάναντία
1309 1015 1315 1058 ,2

220 1095 335 1172 αὐτοῖς
357 1096 450 1180 δοκῇ,
478 1092 548 1161 ἀλλ’
575 1095 641 1161 ὑπὸ
664 1103 722 1178 τῆς
744 1103 859 1178 νωινῆς
880 1095 1012 1180 φύσεως
1036 1093 1069 1172 έξ
1094 1096 1235 1172 ἅπαντος
1309 1107 1315 1154 '2

219 1208 280 1266 τοῦ
301 1204 427 1288 χρόνον
449 1210 529 1267 πᾶσι
552 1212 622 1278 τοῖς
640 1202 826 1284 αἰσθήσεως
846 1203 1060 1285 μετειληφόσι
1081 1203 1234 1284 κείμενον
1309 1185 1315 1258 ἶ

180 1294 274 1409 gual
301 1308 349 1384 είς
370 1306 423 1373 ἀεὶ
445 1309 667 1391 διαμενοῦντα
688 1309 948 1391 παραλαβόντες·
978 1303 1034 1371 καί
1058 1307 1116 1371 διά
1138 1317 1233 1373 τοῦτο
1308 1303 1315 1371 1ι

219 1416 339 1498 φίλους
360 1411 388 1478 τ’
415 1413 668 1500 ἀπαρνούμεθα,
690 1412 771 1478 ὅταν
794 1411 989 1496 ἀδικήσωσι,
1013 1410 1069 1477 καὶ
1091 1411 1235 1499 ἐχθροὺς
1308 1405 1315 1478 ,ι

218 1521 338 1603 φίλους
359 1521 562 1604 ποιούμεθα,
590 1518 670 1584 ὅταν
692 1540 742 1596 τις
763 1518 844 1602 ἡμῖν
866 1514 944 1605 παρ’
971 1517 1083 1583 αὐτῶν
1105 1517 1234 1605 ὑπάρξῃ
1309 1542 1315 1583 ι

218 1624 323 1711 χάρις,
343 1628 444 1690 πόλιν
461 1648 496 1690 τε
514 1626 577 1709 τὴν
594 1623 794 1709 γειναμένην
812 1624 908 1708 ἡμᾶς,
931 1617 1011 1689 ὅταν
1030 1620 1092 1708 μὲν
1112 1625 1235 1710 ὠφελῇ,
1314 1655 1315 1690 5

218 1728 410 1816 στέργομεν,
432 1730 514 1796 ὅταν
536 1727 574 1796 δέ
596 1731 736 1818 βλάπτῃ,
758 1733 1009 1814 καταλείπομεν,
1032 1730 1073 1796 ού
1097 1731 1154 1795 διὰ
1175 1733 1236 1796 τὸν
1267 1735 1272 1746 “
1314 1763 1315 1796 ι

178 1823 322 1937 ἐτύπον
344 1833 535 1920 ἀγαπῶντες
557 1836 677 1921 αὐτήν,
704 1835 789 1902 ἀλλά
811 1837 868 1901 διὰ
890 1837 927 1901 τὸ
951 1833 1133 1922 συμφέρον.
1178 1833 1235 1902 καὶ
1314 1853 1315 1903 Q

218 1939 293 2027 ούχὶ
316 1953 386 2018 τοῖς
408 1938 469 2026 μὲν
492 1943 640 2019 ἰδιώταις
662 1942 767 2020 οὕτως
785 1941 955 2029 ἐπέρχεται
972 1939 1050 2007 καθ’
1073 1941 1133 2006 ἕνα
1152 1966 1236 2028 φρο-
1314 1985 1315 2008 ι

217 2060 305 2132 νείν,
332 2045 407 2134 ούγλ
431 2045 468 2113 δέ
491 2046 547 2114 καὶ
568 2051 705 2115 πόλεσιν
729 2048 822 2126 ὅλαις
844 2046 900 2114 καὶ
924 2051 1077 2131 ἔθνεσιν,
1107 2048 1194 2114 ὥστε
1217 2049 1315 2114 ὁιιεει

217 2155 319 2240 ταύτῃ
340 2163 380 2240 τῇ
404 2156 520 2240 γνώμῃ
542 2156 710 2239 χρώμενος
733 2150 834 2221 οὐδὲν
853 2153 914 2232 ἔξω
933 2164 1001 2219 τῶν
1023 2156 1130 2218 θείων
1148 2153 1238 2232 ἀξιοῖ
1314 2185 1315 2220 2

218 2263 385 2345 νομίμων,
412 2257 492 2326 οὐδὲ
518 2261 608 2346 παρά
633 2260 696 2344 τὴν
717 2260 836 2343 κοινὴν
859 2259 1015 2325 ἁπάντων
1042 2258 1236 2344 ἀνθρώπων
1314 2305 1315 2326 .

177 2388 203 2430 ιο
216 2375 307 2430 ποιεί
327 2367 510 2432 δικαίωσιν.
555 2365 620 2449 έγὼ
643 2363 705 2452 μέν
728 2367 770 2450 δὴ
798 2375 902 2433 ταῦτα
924 2366 1111 2452 πράττοντα
1135 2363 1236 2448 έμαυ-
1314 2377 1315 2380 ’

215 2473 276 2536 τὸν
297 2471 339 2536 τά
360 2495 394 2537 τε
418 2473 530 2537 δίκαια
551 2472 696 2556 ἡγοῦμαι
712 2472 870 2559 πράττειν
887 2469 943 2537 καί
961 2472 1000 2535 τά
1019 2468 1236 2558 συμφέροντα

214 2576 271 2644 καλ
298 2579 338 2643 τά
364 2579 448 2643 καλά
474 2577 530 2644 καὶ
557 2580 625 2663 ἅμα
651 2587 753 2645 ταῦτα
779 2575 835 2642 καὶ
863 2578 902 2642 τὰ
925 2579 1008 2664 πρὸς
1029 2579 1108 2653 τοὺς
1131 2582 1236 2655 θεοὺς

215 2686 389 2752 ὁσιώτατα·
414 2682 470 2749 καὶ
493 2685 535 2750 ού
558 2684 674 2768 δέομαι
697 2683 853 2760 δικαστάς
875 2679 959 2770 ὑπὲρ
982 2683 1093 2748 αὐτῶν
1116 2687 1236 2767 λαβεῖν

214 2796 292 2869 τοὺς
318 2792 463 2878 εἰκασμῷ
492 2788 548 2855 καὶ
575 2789 654 2877 δόξῃ
684 2788 963 2875 τεκμαιρομένους
984 2789 1046 2871 τὴν
1068 2787 1235 2872 ἀλήθειαν

174 2917 201 2962 τε
215 2897 428 2986 ἀνθρώπους,
458 2895 570 2979 ἐπειδὴ
592 2903 687 2974 θεοῖς
709 2893 892 2982 ἀρέσκοντα
915 2895 1057 2980 πράττω.
1103 2895 1147 2959 ού
1170 2897 1235 2981 γάρ

285 3018 338 3073 3ύ
338 3016 455 3088 φεωςΟ
478 3017 588 3086 φυσεως
610 3033 634 3072 ο
653 3015 776 3071 Kiesslin
757 3033 798 3141 οφ
888 3022 952 3070 ὅτε
971 3013 1138 3078 ἅπαντεςΟ
1162 3031 1234 3071 corr.

786 3107 818 3141 ντ

213 3089 358 3160 Kiessling
430 3095 446 3143 7
465 3088 641 3143 ἀνελούντων
659 3086 681 3139 Β
700 3088 768 3141 άνελ
819 3106 858 3140 ων
877 3085 936 3156 ΒΙ
966 3087 1059 3140 αὐτῶν
1077 3085 1126 3141 Ba
1145 3087 1234 3142 αὐτὸν

213 3161 239 3215 Β
293 3167 373 3216 9τοῦ
388 3158 491 3214 adm
546 3164 579 3212 12
592 3160 692 3226 φίλους
705 3158 867 3250 ποιούμεθα
881 3089 986 3226 ΑΟΙεος
1001 3156 1234 3248 φιλοποιούμεθα

214 3231 263 3288 BC
356 3238 388 3286 16
412 3229 538 3292 ἰδιώταις
561 3224 708 3300 ἐπέρχεται
726 3227 828 3284 Ac*
795 3247 882 3312 ρυτως
900 3226 947 3282 vel
968 3225 1048 3282 ταῦτ’
1069 3231 1137 3310 φοοδ
1155 3227 1235 3283 ἀδιά-

213 3322 275 3365 ταις
292 3301 472 3356 inserendum
493 3317 554 3355 esse
576 3317 600 3354 ο.
620 3299 755 3369 Sylburg3
785 3300 810 3354 si
831 3297 1017 3367 Heylbutium
1041 3313 1191 3366 sequlmur
1211 3300 1234 3354 B

213 3372 338 3464 ορτωςρ
318 3372 437 3441 praebet
452 3371 456 3442 Ι
472 3368 543 3426 καθ’
565 3368 616 3426 ενα
634 3379 704 3424 πᾶσι
721 3371 795 3424 Prou
867 3373 902 3424 20
919 3377 1008 3424 ταῦτα
1023 3367 1127 3425 add.B
1200 3376 1233 3426 22

212 3444 248 3498 τὰ
266 3461 321 3499 om.
336 3443 359 3496 Β
431 3446 466 3496 26
480 3439 547 3496 οὐδὲ
567 3442 588 3495 Β
607 3441 660 3512 γὰρ
679 3457 764 3510 supra
781 3439 831 3496 lin.
851 3457 870 3495 a
886 3458 923 3498 m.
943 3440 1035 3495 altera
