<?xml version="1.0" encoding="UTF-8"?>
<!DOCTYPE html PUBLIC "-//W3C//DTD XHTML 1.0 Transitional//EN"
    "http://www.w3.org/TR/xhtml1/DTD/xhtml1-transitional.dtd">
<html xmlns="http://www.w3.org/1999/xhtml" xml:lang="en" lang="en">
 <head>
  <title>
</title>
<meta http-equiv="Content-Type" content="text/html;charset=utf-8" />
  <meta name='ocr-system' content='tesseract 3.04.00' />
  <meta name='ocr-capabilities' content='ocr_page ocr_carea ocr_par ocr_line ocrx_word'/>
</head>
<body>
  <div class='ocr_page' id='page_1' title='image "./dionysihalicarn00unkngoog/dionysihalicarn00unkngoog_0104.png"; bbox 0 0 2674 3978; ppageno 0'>
   <div class='ocr_carea' id='block_1_1' title="bbox 0 0 3 617">
    <p class='ocr_par' dir='ltr' id='par_1_1' title="bbox 0 0 3 617">
     <span class='ocr_line' id='line_1_1' title="bbox 0 0 3 617; baseline 0 0"><span class='ocrx_word' id='word_1_1' title='bbox 0 0 3 617; x_wconf 95' lang='lat' dir='ltr'><em> </em></span> 
     </span>
    </p>
   </div>
   <div class='ocr_carea' id='block_1_2' title="bbox 56 267 1334 3074">
    <p class='ocr_par' dir='ltr' id='par_1_2' title="bbox 56 259 1334 3074">
     <span class='ocr_line' id='line_1_2' title="bbox 183 267 771 332; baseline 0.004 0"><span class='ocrx_word' id='word_1_2' title='bbox 183 267 226 332; x_wconf 79' lang='lat'><em>92</em></span> <span class='ocrx_word' id='word_1_3' title='bbox 610 300 642 308; x_wconf 88' lang='lat'><em>-</em></span> <span class='ocrx_word' id='word_1_4' title='bbox 680 273 700 320; x_wconf 87' lang='lat' dir='ltr'>z</span> <span class='ocrx_word' id='word_1_5' title='bbox 739 300 771 308; x_wconf 86' lang='lat'>-</span> 
     </span>
     <span class='ocr_line' id='line_1_3' title="bbox 1333 383 1334 422; baseline 0 0"><span class='ocrx_word' id='word_1_6' title='bbox 1333 383 1334 422; x_wconf 80' lang='grc' dir='ltr'><em>ι</em></span> 
     </span>
     <span class='ocr_line' id='line_1_4' title="bbox 184 429 1201 519; baseline 0.002 -22"><span class='ocrx_word' id='word_1_7' title='bbox 184 435 294 518; x_wconf 82' lang='grc' dir='ltr'><em>λόχων</em></span> <span class='ocrx_word' id='word_1_8' title='bbox 316 430 372 497; x_wconf 81' lang='grc' dir='ltr'><em>καὶ</em></span> <span class='ocrx_word' id='word_1_9' title='bbox 389 432 517 497; x_wconf 89' lang='grc' dir='ltr'><em>τούτων</em></span> <span class='ocrx_word' id='word_1_10' title='bbox 536 433 583 509; x_wconf 91' lang='grc' dir='ltr'><em>είς</em></span> <span class='ocrx_word' id='word_1_11' title='bbox 601 429 634 509; x_wconf 75' lang='grc' dir='ltr'><em>ἓξ</em></span> <span class='ocrx_word' id='word_1_12' title='bbox 654 429 865 518; x_wconf 71' lang='grc' dir='ltr'><em>διῃρημένων</em></span> <span class='ocrx_word' id='word_1_13' title='bbox 886 435 1070 519; x_wconf 79' lang='grc' dir='ltr'><strong><em>συμμορίας</em></strong></span> <span class='ocrx_word' id='word_1_14' title='bbox 1087 433 1201 518; x_wconf 82' lang='grc' dir='ltr'><em>πρώτη</em></span> 
     </span>
     <span class='ocr_line' id='line_1_5' title="bbox 183 535 1201 626; baseline 0.002 -22"><span class='ocrx_word' id='word_1_15' title='bbox 183 535 245 623; x_wconf 73' lang='grc' dir='ltr'><em>μὲν</em></span> <span class='ocrx_word' id='word_1_16' title='bbox 268 538 415 605; x_wconf 81' lang='grc' dir='ltr'><em>έκαλείτο</em></span> <span class='ocrx_word' id='word_1_17' title='bbox 440 543 607 625; x_wconf 77' lang='grc' dir='ltr'><em>συμμορία</em></span> <span class='ocrx_word' id='word_1_18' title='bbox 629 536 684 604; x_wconf 82' lang='grc' dir='ltr'><em>καλ</em></span> <span class='ocrx_word' id='word_1_19' title='bbox 703 538 765 622; x_wconf 75' lang='grc' dir='ltr'><em>τὴν</em></span> <span class='ocrx_word' id='word_1_20' title='bbox 782 547 898 624; x_wconf 79' lang='grc' dir='ltr'><em>ψῆφον</em></span> <span class='ocrx_word' id='word_1_21' title='bbox 916 537 1075 626; x_wconf 78' lang='grc' dir='ltr'><em>ἐπέφερεν</em></span> <span class='ocrx_word' id='word_1_22' title='bbox 1093 540 1114 624; x_wconf 80' lang='grc' dir='ltr'><em>ἡ</em></span> <span class='ocrx_word' id='word_1_23' title='bbox 1133 551 1201 606; x_wconf 88' lang='grc' dir='ltr'><em>τῶν</em></span> 
     </span>
     <span class='ocr_line' id='line_1_6' title="bbox 184 631 1334 732; baseline 0.002 -22"><span class='ocrx_word' id='word_1_24' title='bbox 184 645 329 731; x_wconf 82' lang='grc' dir='ltr'><em>ἐχόντων</em></span> <span class='ocrx_word' id='word_1_25' title='bbox 350 647 389 711; x_wconf 85' lang='grc' dir='ltr'><em>τὸ</em></span> <span class='ocrx_word' id='word_1_26' title='bbox 410 643 567 730; x_wconf 83' lang='grc' dir='ltr'><em>μέγιστον</em></span> <span class='ocrx_word' id='word_1_27' title='bbox 589 646 712 729; x_wconf 90' lang='grc' dir='ltr'><em>τίμημα</em></span> <span class='ocrx_word' id='word_1_28' title='bbox 734 654 792 728; x_wconf 79' lang='grc' dir='ltr'><em>τῆς</em></span> <span class='ocrx_word' id='word_1_29' title='bbox 814 645 930 721; x_wconf 83' lang='grc' dir='ltr'><em>οὐσίας</em></span> <span class='ocrx_word' id='word_1_30' title='bbox 951 643 1006 710; x_wconf 82' lang='grc' dir='ltr'><em>καλ</em></span> <span class='ocrx_word' id='word_1_31' title='bbox 1029 647 1091 730; x_wconf 77' lang='grc' dir='ltr'><em>τὴν</em></span> <span class='ocrx_word' id='word_1_32' title='bbox 1111 649 1202 732; x_wconf 82' lang='grc' dir='ltr'><em>πρώ-</em></span> <span class='ocrx_word' id='word_1_33' title='bbox 1333 631 1334 678; x_wconf 51' lang='lat'>³</span> 
     </span>
     <span class='ocr_line' id='line_1_7' title="bbox 173 743 1203 837; baseline 0 -19"><span class='ocrx_word' id='word_1_34' title='bbox 173 776 245 837; x_wconf 91' lang='grc' dir='ltr'><em>.την</em></span> <span class='ocrx_word' id='word_1_35' title='bbox 268 754 507 837; x_wconf 77' lang='grc' dir='ltr'><em>λαμβανόντων</em></span> <span class='ocrx_word' id='word_1_36' title='bbox 530 750 624 830; x_wconf 88' lang='grc' dir='ltr'><em>τάξιν</em></span> <span class='ocrx_word' id='word_1_37' title='bbox 647 749 684 815; x_wconf 85' lang='grc' dir='ltr'><em>έν</em></span> <span class='ocrx_word' id='word_1_38' title='bbox 706 750 875 836; x_wconf 77' lang='grc' dir='ltr'><em>πολέμοις·</em></span> <span class='ocrx_word' id='word_1_39' title='bbox 906 751 944 817; x_wconf 85' lang='grc' dir='ltr'><em>έν</em></span> <span class='ocrx_word' id='word_1_40' title='bbox 967 743 1017 829; x_wconf 91' lang='grc' dir='ltr'><em>οἷς</em></span> <span class='ocrx_word' id='word_1_41' title='bbox 1039 747 1127 836; x_wconf 74' lang='grc' dir='ltr'><em>ἦσαν</em></span> <span class='ocrx_word' id='word_1_42' title='bbox 1150 754 1165 818; x_wconf 91' lang='grc' dir='ltr'><em>ί</em></span> <span class='ocrx_word' id='word_1_43' title='bbox 1188 795 1203 804; x_wconf 95' lang='grc'>-</span> 
     </span>
     <span class='ocr_line' id='line_1_8' title="bbox 156 854 1203 943; baseline 0.007 -25"><span class='ocrx_word' id='word_1_44' title='bbox 156 858 273 924; x_wconf 78' lang='grc' dir='ltr'><em>επέων</em></span> <span class='ocrx_word' id='word_1_45' title='bbox 305 854 367 942; x_wconf 72' lang='grc' dir='ltr'><em>μὲν</em></span> <span class='ocrx_word' id='word_1_46' title='bbox 396 858 617 923; x_wconf 86' lang='grc' dir='ltr'><em>ὀκτωκαίδεκα</em></span> <span class='ocrx_word' id='word_1_47' title='bbox 647 860 756 942; x_wconf 92' lang='grc' dir='ltr'><em>λόχοι,</em></span> <span class='ocrx_word' id='word_1_48' title='bbox 787 861 894 936; x_wconf 80' lang='grc' dir='ltr'><em>πεζῶν</em></span> <span class='ocrx_word' id='word_1_49' title='bbox 924 855 956 922; x_wconf 88' lang='grc' dir='ltr'><em>δ’</em></span> <span class='ocrx_word' id='word_1_50' title='bbox 987 858 1203 943; x_wconf 79' lang='grc' dir='ltr'><em>ὀγδοήκοντα.</em></span> 
     </span>
     <span class='ocr_line' id='line_1_9' title="bbox 148 961 1334 1053; baseline 0.001 -21"><span class='ocrx_word' id='word_1_51' title='bbox 148 962 322 1051; x_wconf 89' lang='grc' dir='ltr'><em>4δευτέρα</em></span> <span class='ocrx_word' id='word_1_52' title='bbox 354 961 384 1029; x_wconf 88' lang='grc' dir='ltr'><em>δ’</em></span> <span class='ocrx_word' id='word_1_53' title='bbox 417 963 625 1050; x_wconf 65' lang='grc' dir='ltr'><em>ἐψηφοφόρει</em></span> <span class='ocrx_word' id='word_1_54' title='bbox 657 967 824 1050; x_wconf 86' lang='grc' dir='ltr'><em>συμμορία</em></span> <span class='ocrx_word' id='word_1_55' title='bbox 854 975 922 1030; x_wconf 86' lang='grc' dir='ltr'><em>τῶν</em></span> <span class='ocrx_word' id='word_1_56' title='bbox 952 965 1203 1053; x_wconf 76' lang='grc' dir='ltr'><em>ὑποδεεστέρων</em></span> <span class='ocrx_word' id='word_1_57' title='bbox 1333 993 1334 1042; x_wconf 69' lang='lat'>1</span> 
     </span>
     <span class='ocr_line' id='line_1_10' title="bbox 183 1069 1203 1159; baseline 0.003 -23"><span class='ocrx_word' id='word_1_58' title='bbox 183 1082 253 1147; x_wconf 80' lang='grc' dir='ltr'><em>τοῖς</em></span> <span class='ocrx_word' id='word_1_59' title='bbox 275 1074 362 1156; x_wconf 90' lang='grc' dir='ltr'><em>βίοις</em></span> <span class='ocrx_word' id='word_1_60' title='bbox 384 1069 439 1136; x_wconf 80' lang='grc' dir='ltr'><em>καὶ</em></span> <span class='ocrx_word' id='word_1_61' title='bbox 461 1073 523 1155; x_wconf 79' lang='grc' dir='ltr'><em>την</em></span> <span class='ocrx_word' id='word_1_62' title='bbox 545 1070 793 1155; x_wconf 76' lang='grc' dir='ltr'><em>ὑποβεβηκυῖαν</em></span> <span class='ocrx_word' id='word_1_63' title='bbox 816 1071 909 1150; x_wconf 95' lang='grc' dir='ltr'><em>τάξιν</em></span> <span class='ocrx_word' id='word_1_64' title='bbox 933 1071 969 1136; x_wconf 82' lang='grc' dir='ltr'><em>ἐν</em></span> <span class='ocrx_word' id='word_1_65' title='bbox 989 1083 1060 1149; x_wconf 80' lang='grc' dir='ltr'><em>ταῖς</em></span> <span class='ocrx_word' id='word_1_66' title='bbox 1083 1073 1203 1159; x_wconf 81' lang='grc' dir='ltr'><em>μάχαις</em></span> 
     </span>
     <span class='ocr_line' id='line_1_11' title="bbox 185 1175 1281 1265; baseline 0.01 -23"><span class='ocrx_word' id='word_1_67' title='bbox 185 1175 407 1265; x_wconf 85' lang='grc' dir='ltr'><em>[μαχομένων]</em></span> <span class='ocrx_word' id='word_1_68' title='bbox 432 1175 487 1242; x_wconf 81' lang='grc' dir='ltr'><em>καὶ</em></span> <span class='ocrx_word' id='word_1_69' title='bbox 511 1177 675 1261; x_wconf 90' lang='grc' dir='ltr'><em>ὁπλισμὸν</em></span> <span class='ocrx_word' id='word_1_70' title='bbox 697 1177 739 1243; x_wconf 87' lang='grc' dir='ltr'><em>ού</em></span> <span class='ocrx_word' id='word_1_71' title='bbox 760 1179 820 1243; x_wconf 90' lang='grc' dir='ltr'><em>τὸν</em></span> <span class='ocrx_word' id='word_1_72' title='bbox 843 1177 945 1244; x_wconf 78' lang='grc' dir='ltr'><em>αὐτὸν</em></span> <span class='ocrx_word' id='word_1_73' title='bbox 969 1177 1114 1264; x_wconf 77' lang='grc' dir='ltr'><em>ἐχόντων</em></span> <span class='ocrx_word' id='word_1_74' title='bbox 1131 1191 1281 1258; x_wconf 72' lang='grc' dir='ltr'><em>τοῖςιίσο</em></span> 
     </span>
     <span class='ocr_line' id='line_1_12' title="bbox 183 1280 1203 1370; baseline 0.002 -20"><span class='ocrx_word' id='word_1_75' title='bbox 183 1285 443 1370; x_wconf 80' lang='grc' dir='ltr'><em>πρωτοστάταις,</em></span> <span class='ocrx_word' id='word_1_76' title='bbox 466 1281 540 1349; x_wconf 79' lang='grc' dir='ltr'><em>ἀλλ’</em></span> <span class='ocrx_word' id='word_1_77' title='bbox 561 1283 731 1350; x_wconf 79' lang='grc' dir='ltr'><em>ἐλάττονα·</em></span> <span class='ocrx_word' id='word_1_78' title='bbox 760 1293 858 1350; x_wconf 85' lang='grc' dir='ltr'><em>τοῦτο</em></span> <span class='ocrx_word' id='word_1_79' title='bbox 883 1280 921 1349; x_wconf 70' lang='grc' dir='ltr'><em>δὲ</em></span> <span class='ocrx_word' id='word_1_80' title='bbox 943 1287 980 1351; x_wconf 89' lang='grc' dir='ltr'><em>τὸ</em></span> <span class='ocrx_word' id='word_1_81' title='bbox 1003 1290 1133 1368; x_wconf 77' lang='grc' dir='ltr'><em>πλῆθος</em></span> <span class='ocrx_word' id='word_1_82' title='bbox 1154 1290 1203 1365; x_wconf 90' lang='grc' dir='ltr'><em>είς</em></span> 
     </span>
     <span class='ocr_line' id='line_1_13' title="bbox 144 1386 1334 1479; baseline 0.003 -23"><span class='ocrx_word' id='word_1_83' title='bbox 144 1409 171 1450; x_wconf 84' lang='lat'><em>10</em></span> <span class='ocrx_word' id='word_1_84' title='bbox 184 1397 289 1456; x_wconf 88' lang='grc' dir='ltr'><em>είκοσι</em></span> <span class='ocrx_word' id='word_1_85' title='bbox 318 1394 436 1477; x_wconf 78' lang='grc' dir='ltr'><em>λόχους</em></span> <span class='ocrx_word' id='word_1_86' title='bbox 463 1389 728 1475; x_wconf 81' lang='grc' dir='ltr'><em>συντεταγμένον</em></span> <span class='ocrx_word' id='word_1_87' title='bbox 755 1386 813 1476; x_wconf 72' lang='grc' dir='ltr'><em>ἦν,</em></span> <span class='ocrx_word' id='word_1_88' title='bbox 841 1389 1054 1479; x_wconf 82' lang='grc' dir='ltr'><em>προσέκειντο</em></span> <span class='ocrx_word' id='word_1_89' title='bbox 1082 1390 1113 1457; x_wconf 86' lang='grc' dir='ltr'><em>δ’</em></span> <span class='ocrx_word' id='word_1_90' title='bbox 1142 1394 1202 1459; x_wconf 88' lang='grc' dir='ltr'><em>αύ-</em></span> <span class='ocrx_word' id='word_1_91' title='bbox 1333 1407 1334 1460; x_wconf 83' lang='lat' dir='ltr'>J</span> 
     </span>
     <span class='ocr_line' id='line_1_14' title="bbox 183 1494 1334 1584; baseline 0.009 -22"><span class='ocrx_word' id='word_1_92' title='bbox 183 1508 253 1574; x_wconf 80' lang='grc' dir='ltr'><em>τοῖς</em></span> <span class='ocrx_word' id='word_1_93' title='bbox 271 1498 333 1563; x_wconf 91' lang='grc' dir='ltr'><em>δύο</em></span> <span class='ocrx_word' id='word_1_94' title='bbox 358 1494 425 1563; x_wconf 80' lang='grc' dir='ltr'><em>ἶλαι</em></span> <span class='ocrx_word' id='word_1_95' title='bbox 447 1500 612 1564; x_wconf 87' lang='grc' dir='ltr'><em>τεκτόνων</em></span> <span class='ocrx_word' id='word_1_96' title='bbox 630 1495 685 1563; x_wconf 84' lang='grc' dir='ltr'><em>καὶ</em></span> <span class='ocrx_word' id='word_1_97' title='bbox 702 1499 919 1584; x_wconf 86' lang='grc' dir='ltr'><em>χαλκοτύπων</em></span> <span class='ocrx_word' id='word_1_98' title='bbox 937 1497 993 1564; x_wconf 85' lang='grc' dir='ltr'><em>καλ</em></span> <span class='ocrx_word' id='word_1_99' title='bbox 1012 1499 1085 1566; x_wconf 83' lang='grc' dir='ltr'><em>ὅσοι</em></span> <span class='ocrx_word' id='word_1_100' title='bbox 1104 1501 1202 1566; x_wconf 77' lang='grc' dir='ltr'><em>ἄλλοι</em></span> <span class='ocrx_word' id='word_1_101' title='bbox 1333 1505 1334 1572; x_wconf 66' lang='grc' dir='ltr'>ζ</span> 
     </span>
     <span class='ocr_line' id='line_1_15' title="bbox 182 1599 1334 1695; baseline 0.008 -27"><span class='ocrx_word' id='word_1_102' title='bbox 182 1608 371 1688; x_wconf 80' lang='grc' dir='ltr'><em>πολεμικῶν</em></span> <span class='ocrx_word' id='word_1_103' title='bbox 394 1607 501 1690; x_wconf 81' lang='grc' dir='ltr'><em>ἔργων</em></span> <span class='ocrx_word' id='word_1_104' title='bbox 523 1599 610 1688; x_wconf 72' lang='grc' dir='ltr'><em>ἦσαν</em></span> <span class='ocrx_word' id='word_1_105' title='bbox 632 1603 842 1690; x_wconf 75' lang='grc' dir='ltr'><em>χειροτέχναι.</em></span> <span class='ocrx_word' id='word_1_106' title='bbox 880 1605 916 1671; x_wconf 88' lang='grc' dir='ltr'><em>οί</em></span> <span class='ocrx_word' id='word_1_107' title='bbox 937 1603 966 1670; x_wconf 87' lang='grc' dir='ltr'><em>δ’</em></span> <span class='ocrx_word' id='word_1_108' title='bbox 991 1605 1027 1671; x_wconf 84' lang='grc' dir='ltr'><em>ἐν</em></span> <span class='ocrx_word' id='word_1_109' title='bbox 1050 1615 1089 1692; x_wconf 78' lang='grc' dir='ltr'><em>τῇ</em></span> <span class='ocrx_word' id='word_1_110' title='bbox 1107 1610 1202 1695; x_wconf 87' lang='grc' dir='ltr'><em>τρίτη</em></span> <span class='ocrx_word' id='word_1_111' title='bbox 1333 1635 1334 1678; x_wconf 75' lang='grc' dir='ltr'><em>ῖ</em></span> 
     </span>
     <span class='ocr_line' id='line_1_16' title="bbox 184 1706 1202 1799; baseline 0.006 -25"><span class='ocrx_word' id='word_1_112' title='bbox 184 1713 352 1797; x_wconf 77' lang='grc' dir='ltr'><em>συμμορία</em></span> <span class='ocrx_word' id='word_1_113' title='bbox 383 1711 584 1795; x_wconf 89' lang='grc' dir='ltr'><em>καλούμενοι</em></span> <span class='ocrx_word' id='word_1_114' title='bbox 616 1713 736 1796; x_wconf 82' lang='grc' dir='ltr'><em>λόχους</em></span> <span class='ocrx_word' id='word_1_115' title='bbox 764 1706 826 1796; x_wconf 72' lang='grc' dir='ltr'><em>μὲν</em></span> <span class='ocrx_word' id='word_1_116' title='bbox 854 1710 1056 1798; x_wconf 79' lang='grc' dir='ltr'><em>ἐξεπλήρουν</em></span> <span class='ocrx_word' id='word_1_117' title='bbox 1083 1720 1202 1799; x_wconf 86' lang='grc' dir='ltr'><em>είκοσι,</em></span> 
     </span>
     <span class='ocr_line' id='line_1_17' title="bbox 183 1811 1202 1906; baseline 0.006 -26"><span class='ocrx_word' id='word_1_118' title='bbox 183 1819 306 1900; x_wconf 90' lang='grc' dir='ltr'><em>τίμημα</em></span> <span class='ocrx_word' id='word_1_119' title='bbox 334 1813 366 1880; x_wconf 92' lang='grc' dir='ltr'><em>δ’</em></span> <span class='ocrx_word' id='word_1_120' title='bbox 391 1811 484 1902; x_wconf 88' lang='grc' dir='ltr'><em>είχον</em></span> <span class='ocrx_word' id='word_1_121' title='bbox 509 1819 644 1882; x_wconf 79' lang='grc' dir='ltr'><em>ἔλαττον</em></span> <span class='ocrx_word' id='word_1_122' title='bbox 667 1827 734 1882; x_wconf 86' lang='grc' dir='ltr'><em>τῶν</em></span> <span class='ocrx_word' id='word_1_123' title='bbox 757 1816 923 1902; x_wconf 77' lang='grc' dir='ltr'><em>δευτέρων</em></span> <span class='ocrx_word' id='word_1_124' title='bbox 945 1816 1001 1884; x_wconf 81' lang='grc' dir='ltr'><em>καὶ</em></span> <span class='ocrx_word' id='word_1_125' title='bbox 1023 1818 1117 1898; x_wconf 88' lang='grc' dir='ltr'><em>τάξιν</em></span> <span class='ocrx_word' id='word_1_126' title='bbox 1139 1823 1202 1906; x_wconf 77' lang='grc' dir='ltr'><em>τὴν</em></span> 
     </span>
     <span class='ocr_line' id='line_1_18' title="bbox 144 1919 1334 2014; baseline 0.009 -30"><span class='ocrx_word' id='word_1_127' title='bbox 144 1941 170 1982; x_wconf 80' lang='grc' dir='ltr'><em>ω</em></span> <span class='ocrx_word' id='word_1_128' title='bbox 184 1919 234 1987; x_wconf 78' lang='grc' dir='ltr'><em>ἐπ’</em></span> <span class='ocrx_word' id='word_1_129' title='bbox 267 1922 406 2000; x_wconf 80' lang='grc' dir='ltr'><em>ἐκείνοις</em></span> <span class='ocrx_word' id='word_1_130' title='bbox 434 1921 637 2007; x_wconf 81' lang='grc' dir='ltr'><em>[έλάττονα,]</em></span> <span class='ocrx_word' id='word_1_131' title='bbox 669 1920 724 1988; x_wconf 81' lang='grc' dir='ltr'><em>καὶ</em></span> <span class='ocrx_word' id='word_1_132' title='bbox 756 1923 841 1989; x_wconf 82' lang='grc' dir='ltr'><em>ὅπλα</em></span> <span class='ocrx_word' id='word_1_133' title='bbox 869 1923 930 1990; x_wconf 92' lang='grc' dir='ltr'><em>ούκ</em></span> <span class='ocrx_word' id='word_1_134' title='bbox 959 1931 1013 1990; x_wconf 88' lang='grc' dir='ltr'><em>ίσα</em></span> <span class='ocrx_word' id='word_1_135' title='bbox 1040 1937 1110 2004; x_wconf 79' lang='grc' dir='ltr'><em>τοῖς</em></span> <span class='ocrx_word' id='word_1_136' title='bbox 1135 1931 1201 2014; x_wconf 86' lang='grc' dir='ltr'><em>πρὸ</em></span> <span class='ocrx_word' id='word_1_137' title='bbox 1333 1929 1334 1946; x_wconf 56' lang='lat'>³</span> 
     </span>
     <span class='ocr_line' id='line_1_19' title="bbox 148 2026 1202 2122; baseline 0.004 -26"><span class='ocrx_word' id='word_1_138' title='bbox 148 2029 294 2096; x_wconf 83' lang='grc' dir='ltr'><em>5αὐτῶν</em></span> <span class='ocrx_word' id='word_1_139' title='bbox 313 2032 442 2122; x_wconf 82' lang='grc' dir='ltr'><em>ἔφερον.</em></span> <span class='ocrx_word' id='word_1_140' title='bbox 480 2031 516 2096; x_wconf 93' lang='grc' dir='ltr'><em>οί</em></span> <span class='ocrx_word' id='word_1_141' title='bbox 536 2026 573 2095; x_wconf 71' lang='grc' dir='ltr'><em>δὲ</em></span> <span class='ocrx_word' id='word_1_142' title='bbox 597 2031 676 2115; x_wconf 81' lang='grc' dir='ltr'><em>μετὰ</em></span> <span class='ocrx_word' id='word_1_143' title='bbox 699 2031 837 2107; x_wconf 81' lang='grc' dir='ltr'><em>τούτους</em></span> <span class='ocrx_word' id='word_1_144' title='bbox 860 2033 1060 2115; x_wconf 92' lang='grc' dir='ltr'><em>καλούμενοι</em></span> <span class='ocrx_word' id='word_1_145' title='bbox 1077 2036 1202 2119; x_wconf 89' lang='grc' dir='ltr'><em>τίμημά</em></span> 
     </span>
     <span class='ocr_line' id='line_1_20' title="bbox 182 2131 1334 2234; baseline 0.007 -35"><span class='ocrx_word' id='word_1_146' title='bbox 182 2132 211 2199; x_wconf 88' lang='grc' dir='ltr'><em>τ’</em></span> <span class='ocrx_word' id='word_1_147' title='bbox 230 2135 345 2213; x_wconf 84' lang='grc' dir='ltr'><em>οὐσίας</em></span> <span class='ocrx_word' id='word_1_148' title='bbox 363 2139 499 2202; x_wconf 82' lang='grc' dir='ltr'><em>ἔλαττον</em></span> <span class='ocrx_word' id='word_1_149' title='bbox 518 2131 609 2222; x_wconf 90' lang='grc' dir='ltr'><em>είχον</em></span> <span class='ocrx_word' id='word_1_150' title='bbox 627 2135 682 2202; x_wconf 82' lang='grc' dir='ltr'><em>καὶ</em></span> <span class='ocrx_word' id='word_1_151' title='bbox 700 2135 793 2215; x_wconf 90' lang='grc' dir='ltr'><em>τάξιν</em></span> <span class='ocrx_word' id='word_1_152' title='bbox 812 2136 849 2201; x_wconf 90' lang='grc' dir='ltr'><em>ε’ν</em></span> <span class='ocrx_word' id='word_1_153' title='bbox 867 2136 1000 2228; x_wconf 78' lang='grc' dir='ltr'><em>πολέμῳ</em></span> <span class='ocrx_word' id='word_1_154' title='bbox 1019 2142 1080 2225; x_wconf 78' lang='grc' dir='ltr'><em>τὴν</em></span> <span class='ocrx_word' id='word_1_155' title='bbox 1094 2140 1202 2226; x_wconf 85' lang='grc' dir='ltr'><em>ἀσφα-</em></span> <span class='ocrx_word' id='word_1_156' title='bbox 1333 2175 1334 2234; x_wconf 71' lang='lat' dir='ltr'>j</span> 
     </span>
     <span class='ocr_line' id='line_1_21' title="bbox 184 2239 1334 2339; baseline 0.007 -33"><span class='ocrx_word' id='word_1_157' title='bbox 184 2239 342 2326; x_wconf 83' lang='grc' dir='ltr'><em>λεστέραν</em></span> <span class='ocrx_word' id='word_1_158' title='bbox 361 2241 549 2327; x_wconf 85' lang='grc' dir='ltr'><em>ἐλάμβανον</em></span> <span class='ocrx_word' id='word_1_159' title='bbox 568 2241 624 2308; x_wconf 84' lang='grc' dir='ltr'><em>καὶ</em></span> <span class='ocrx_word' id='word_1_160' title='bbox 642 2243 805 2327; x_wconf 86' lang='grc' dir='ltr'><em>ὁπλισμὸν</em></span> <span class='ocrx_word' id='word_1_161' title='bbox 824 2244 1081 2332; x_wconf 82' lang='grc' dir='ltr'><em>εὐσταλέστερον</em></span> <span class='ocrx_word' id='word_1_162' title='bbox 1094 2243 1201 2339; x_wconf 86' lang='grc' dir='ltr'><em>είχον·</em></span> <span class='ocrx_word' id='word_1_163' title='bbox 1333 2277 1334 2336; x_wconf 62' lang='lat'><em>3</em></span> 
     </span>
     <span class='ocr_line' id='line_1_22' title="bbox 184 2345 1334 2440; baseline 0.009 -28"><span class='ocrx_word' id='word_1_164' title='bbox 184 2346 342 2434; x_wconf 78' lang='grc' dir='ltr'><em>διῄρηντο</em></span> <span class='ocrx_word' id='word_1_165' title='bbox 367 2345 397 2413; x_wconf 92' lang='grc' dir='ltr'><em>δ’</em></span> <span class='ocrx_word' id='word_1_166' title='bbox 420 2351 467 2425; x_wconf 91' lang='grc' dir='ltr'><em>είς</em></span> <span class='ocrx_word' id='word_1_167' title='bbox 489 2355 593 2415; x_wconf 87' lang='grc' dir='ltr'><em>είκοσι</em></span> <span class='ocrx_word' id='word_1_168' title='bbox 615 2346 670 2414; x_wconf 79' lang='grc' dir='ltr'><em>καί</em></span> <span class='ocrx_word' id='word_1_169' title='bbox 695 2345 787 2416; x_wconf 85' lang='grc' dir='ltr'><em>οὗτοι</em></span> <span class='ocrx_word' id='word_1_170' title='bbox 806 2352 938 2435; x_wconf 88' lang='grc' dir='ltr'><em>λόχους·</em></span> <span class='ocrx_word' id='word_1_171' title='bbox 961 2353 1201 2421; x_wconf 84' lang='grc' dir='ltr'><em>συνετάττοντο</em></span> <span class='ocrx_word' id='word_1_172' title='bbox 1333 2415 1334 2440; x_wconf 45' lang='grc'><em>,</em></span> 
     </span>
     <span class='ocr_line' id='line_1_23' title="bbox 56 2437 1201 2541; baseline 0.008 -24"><span class='ocrx_word' id='word_1_173' title='bbox 56 2469 60 2477; x_wconf 89' lang='grc'><em>“</em></span> <span class='ocrx_word' id='word_1_174' title='bbox 104 2529 108 2536; x_wconf 30' lang='lat'><strong><em>¹</em></strong></span> <span class='ocrx_word' id='word_1_175' title='bbox 144 2473 170 2512; x_wconf 72' lang='grc' dir='ltr'><em>κο</em></span> <span class='ocrx_word' id='word_1_176' title='bbox 184 2449 221 2518; x_wconf 73' lang='grc' dir='ltr'><em>δέ</em></span> <span class='ocrx_word' id='word_1_177' title='bbox 249 2451 305 2518; x_wconf 84' lang='grc' dir='ltr'><em>καὶ</em></span> <span class='ocrx_word' id='word_1_178' title='bbox 331 2454 460 2532; x_wconf 88' lang='grc' dir='ltr'><em>τούτοις</em></span> <span class='ocrx_word' id='word_1_179' title='bbox 488 2456 550 2520; x_wconf 91' lang='grc' dir='ltr'><em>δύο</em></span> <span class='ocrx_word' id='word_1_180' title='bbox 574 2458 667 2540; x_wconf 89' lang='grc' dir='ltr'><em>λόχοι</em></span> <span class='ocrx_word' id='word_1_181' title='bbox 690 2460 899 2541; x_wconf 86' lang='grc' dir='ltr'><em>βυκανιστῶν</em></span> <span class='ocrx_word' id='word_1_182' title='bbox 922 2455 978 2522; x_wconf 80' lang='grc' dir='ltr'><em>καὶ</em></span> <span class='ocrx_word' id='word_1_183' title='bbox 1001 2437 1201 2526; x_wconf 74' lang='grc' dir='ltr'><em>σαλπιστῶν.</em></span> 
     </span>
     <span class='ocr_line' id='line_1_24' title="bbox 182 2556 1334 2660; baseline 0.005 -34"><span class='ocrx_word' id='word_1_184' title='bbox 182 2558 310 2644; x_wconf 90' lang='grc' dir='ltr'><em>πέμπτη</em></span> <span class='ocrx_word' id='word_1_185' title='bbox 334 2556 365 2625; x_wconf 89' lang='grc' dir='ltr'><em>δ’</em></span> <span class='ocrx_word' id='word_1_186' title='bbox 387 2559 533 2628; x_wconf 84' lang='grc' dir='ltr'><em>έκαλείτο</em></span> <span class='ocrx_word' id='word_1_187' title='bbox 556 2565 724 2647; x_wconf 87' lang='grc' dir='ltr'><em>συμμορία</em></span> <span class='ocrx_word' id='word_1_188' title='bbox 744 2574 811 2628; x_wconf 86' lang='grc' dir='ltr'><em>τῶν</em></span> <span class='ocrx_word' id='word_1_189' title='bbox 830 2563 946 2646; x_wconf 88' lang='grc' dir='ltr'><em>ὀλίγου</em></span> <span class='ocrx_word' id='word_1_190' title='bbox 964 2565 1053 2630; x_wconf 91' lang='grc' dir='ltr'><em>πάνυ</em></span> <span class='ocrx_word' id='word_1_191' title='bbox 1072 2589 1201 2652; x_wconf 91' lang='grc' dir='ltr'><em>τετιμη-</em></span> <span class='ocrx_word' id='word_1_192' title='bbox 1333 2577 1334 2660; x_wconf 59' lang='lat' dir='ltr'>J</span> 
     </span>
     <span class='ocr_line' id='line_1_25' title="bbox 183 2663 1202 2759; baseline 0.006 -28"><span class='ocrx_word' id='word_1_193' title='bbox 183 2666 294 2751; x_wconf 87' lang='grc' dir='ltr'><em>μεύων</em></span> <span class='ocrx_word' id='word_1_194' title='bbox 317 2665 492 2752; x_wconf 87' lang='grc' dir='ltr'><em>άργυρίου,</em></span> <span class='ocrx_word' id='word_1_195' title='bbox 514 2667 600 2733; x_wconf 78' lang='grc' dir='ltr'><em>ὅπλα</em></span> <span class='ocrx_word' id='word_1_196' title='bbox 624 2665 654 2733; x_wconf 91' lang='grc' dir='ltr'><em>δ’</em></span> <span class='ocrx_word' id='word_1_197' title='bbox 677 2663 720 2752; x_wconf 76' lang='grc' dir='ltr'><em>ἦν</em></span> <span class='ocrx_word' id='word_1_198' title='bbox 744 2669 854 2735; x_wconf 86' lang='grc' dir='ltr'><em>αὐτῶν</em></span> <span class='ocrx_word' id='word_1_199' title='bbox 877 2674 998 2736; x_wconf 90' lang='grc' dir='ltr'><em>σαυνία</em></span> <span class='ocrx_word' id='word_1_200' title='bbox 1020 2670 1076 2736; x_wconf 81' lang='grc' dir='ltr'><em>καὶ</em></span> <span class='ocrx_word' id='word_1_201' title='bbox 1099 2689 1202 2759; x_wconf 88' lang='grc' dir='ltr'><em>σφεν-</em></span> 
     </span>
     <span class='ocr_line' id='line_1_26' title="bbox 184 2768 1334 2861; baseline 0.01 -23"><span class='ocrx_word' id='word_1_202' title='bbox 184 2774 293 2838; x_wconf 90' lang='grc' dir='ltr'><em>δόναι·</em></span> <span class='ocrx_word' id='word_1_203' title='bbox 322 2768 416 2839; x_wconf 81' lang='grc' dir='ltr'><em>οὗτοι</em></span> <span class='ocrx_word' id='word_1_204' title='bbox 438 2771 531 2851; x_wconf 89' lang='grc' dir='ltr'><em>τάξιν</em></span> <span class='ocrx_word' id='word_1_205' title='bbox 557 2773 617 2840; x_wconf 88' lang='grc' dir='ltr'><em>οὐκ</em></span> <span class='ocrx_word' id='word_1_206' title='bbox 641 2770 732 2861; x_wconf 88' lang='grc' dir='ltr'><em>είχον</em></span> <span class='ocrx_word' id='word_1_207' title='bbox 756 2775 792 2841; x_wconf 78' lang='grc' dir='ltr'><em>ἐν</em></span> <span class='ocrx_word' id='word_1_208' title='bbox 815 2776 976 2861; x_wconf 79' lang='grc' dir='ltr'><em>φάλαγγι,</em></span> <span class='ocrx_word' id='word_1_209' title='bbox 999 2776 1083 2842; x_wconf 85' lang='grc' dir='ltr'><em>άλλδ</em></span> <span class='ocrx_word' id='word_1_210' title='bbox 1105 2779 1275 2858; x_wconf 79' lang='grc' dir='ltr'><em>ψιλοί1451</em></span> <span class='ocrx_word' id='word_1_211' title='bbox 1333 2769 1334 2858; x_wconf 68' lang='grc' dir='ltr'><em>ι</em></span> 
     </span>
     <span class='ocr_line' id='line_1_27' title="bbox 182 2863 1334 2971; baseline 0.009 -27"><span class='ocrx_word' id='word_1_212' title='bbox 182 2877 238 2944; x_wconf 79' lang='grc' dir='ltr'><em>καί</em></span> <span class='ocrx_word' id='word_1_213' title='bbox 257 2887 378 2964; x_wconf 87' lang='grc' dir='ltr'><em>κοῦφοι</em></span> <span class='ocrx_word' id='word_1_214' title='bbox 398 2881 699 2964; x_wconf 86' lang='grc' dir='ltr'><em>συνεστρατεύοντο</em></span> <span class='ocrx_word' id='word_1_215' title='bbox 716 2893 787 2960; x_wconf 84' lang='grc' dir='ltr'><em>τοίς</em></span> <span class='ocrx_word' id='word_1_216' title='bbox 801 2881 949 2960; x_wconf 87' lang='grc' dir='ltr'><em>ὁπλίταις</em></span> <span class='ocrx_word' id='word_1_217' title='bbox 963 2885 1010 2960; x_wconf 88' lang='grc' dir='ltr'><em>είς</em></span> <span class='ocrx_word' id='word_1_218' title='bbox 1023 2885 1202 2971; x_wconf 91' lang='grc' dir='ltr'><em>τριάκοντα</em></span> <span class='ocrx_word' id='word_1_219' title='bbox 1333 2863 1334 2908; x_wconf 52' lang='lat'><em>³</em></span> 
     </span>
     <span class='ocr_line' id='line_1_28' title="bbox 143 2949 1202 3074; baseline 0.008 -24"><span class='ocrx_word' id='word_1_220' title='bbox 143 2949 169 3061; x_wconf 57' lang='grc' dir='ltr'><em>ἕξ</em></span> <span class='ocrx_word' id='word_1_221' title='bbox 184 2988 303 3070; x_wconf 91' lang='grc' dir='ltr'><em>λόχους</em></span> <span class='ocrx_word' id='word_1_222' title='bbox 323 2985 527 3072; x_wconf 75' lang='grc' dir='ltr'><em>διῃρημένοι.</em></span> <span class='ocrx_word' id='word_1_223' title='bbox 565 2988 601 3053; x_wconf 87' lang='grc' dir='ltr'><em>οί</em></span> <span class='ocrx_word' id='word_1_224' title='bbox 616 2985 647 3052; x_wconf 90' lang='grc' dir='ltr'><em>δ’</em></span> <span class='ocrx_word' id='word_1_225' title='bbox 665 2987 871 3074; x_wconf 82' lang='grc' dir='ltr'><em>ἀπορώτατοι</em></span> <span class='ocrx_word' id='word_1_226' title='bbox 888 2999 956 3054; x_wconf 86' lang='grc' dir='ltr'><em>τῶν</em></span> <span class='ocrx_word' id='word_1_227' title='bbox 974 2994 1120 3057; x_wconf 86' lang='grc' dir='ltr'><em>πολιτῶν</em></span> <span class='ocrx_word' id='word_1_228' title='bbox 1139 2994 1202 3059; x_wconf 91' lang='grc' dir='ltr'><em>ούκ</em></span> 
     </span>
    </p>
   </div>
   <div class='ocr_carea' id='block_1_3' title="bbox 4 3172 1201 3600">
    <p class='ocr_par' dir='ltr' id='par_1_3' title="bbox 256 3172 1201 3255">
     <span class='ocr_line' id='line_1_29' title="bbox 256 3172 1201 3255; baseline 0.01 -25"><span class='ocrx_word' id='word_1_229' title='bbox 256 3184 270 3230; x_wconf 84' lang='grc'><strong>7</strong></span> <span class='ocrx_word' id='word_1_230' title='bbox 291 3172 321 3231; x_wconf 85' lang='grc' dir='ltr'><em>ίν</em></span> <span class='ocrx_word' id='word_1_231' title='bbox 340 3185 401 3240; x_wconf 77' lang='grc' dir='ltr'><em>ταῖς</em></span> <span class='ocrx_word' id='word_1_232' title='bbox 420 3178 522 3250; x_wconf 85' lang='grc' dir='ltr'><em>μάχαις</em></span> <span class='ocrx_word' id='word_1_233' title='bbox 541 3176 707 3250; x_wconf 84' lang='grc' dir='ltr'><em>μαχομένων</em></span> <span class='ocrx_word' id='word_1_234' title='bbox 726 3180 748 3235; x_wconf 93' lang='lat'>0</span> <span class='ocrx_word' id='word_1_235' title='bbox 768 3175 799 3235; x_wconf 81' lang='grc' dir='ltr'><em>έν</em></span> <span class='ocrx_word' id='word_1_236' title='bbox 817 3202 840 3237; x_wconf 91' lang='grc' dir='ltr'><em>τ.</em></span> <span class='ocrx_word' id='word_1_237' title='bbox 860 3202 886 3252; x_wconf 92' lang='grc' dir='ltr'><em>μ.</em></span> <span class='ocrx_word' id='word_1_238' title='bbox 907 3182 962 3238; x_wconf 86' lang='lat' dir='ltr'><strong>del.</strong></span> <span class='ocrx_word' id='word_1_239' title='bbox 978 3181 1093 3254; x_wconf 63' lang='grc' dir='ltr'><em>(λείποιο,</em></span> <span class='ocrx_word' id='word_1_240' title='bbox 1112 3204 1201 3255; x_wconf 90' lang='grc' dir='ltr'><em>μαχο-</em></span> 
     </span>
    </p>

    <p class='ocr_par' dir='ltr' id='par_1_4' title="bbox 184 3245 1201 3383">
     <span class='ocr_line' id='line_1_30' title="bbox 184 3245 1201 3383; baseline 0.01 -83"><span class='ocrx_word' id='word_1_241' title='bbox 184 3245 275 3334; x_wconf 64' lang='grc' dir='ltr'><em>μένων</em></span> <span class='ocrx_word' id='word_1_242' title='bbox 294 3247 349 3302; x_wconf 84' lang='lat' dir='ltr'><strong>del.</strong></span> <span class='ocrx_word' id='word_1_243' title='bbox 363 3247 467 3304; x_wconf 78' lang='lat' dir='ltr'><strong>Reiske</strong></span> <span class='ocrx_word' id='word_1_244' title='bbox 480 3250 526 3305; x_wconf 84' lang='lat' dir='ltr'><em>vel</em></span> <span class='ocrx_word' id='word_1_245' title='bbox 544 3251 1201 3383; x_wconf 50' lang='grc' dir='ltr'><em>λμχόνχωμὅορχδχρδμφήῐεμοῖμχμεθοόχτασσχιέ</em></span> 
     </span>
    </p>

    <p class='ocr_par' dir='ltr' id='par_1_5' title="bbox 4 3318 1199 3600">
     <span class='ocr_line' id='line_1_31' title="bbox 4 3318 1199 3468; baseline 0.011 -27"><span class='ocrx_word' id='word_1_246' title='bbox 4 3370 5 3417; x_wconf 51' lang='lat'><strong>³</strong></span> <span class='ocrx_word' id='word_1_247' title='bbox 138 3353 144 3365; x_wconf 19' lang='grc' dir='ltr'><strong>ἱ</strong></span> <span class='ocrx_word' id='word_1_248' title='bbox 183 3318 459 3453; x_wconf 45' lang='grc' dir='ltr'><em>ιέάέίόόιςεᾶέίάξτεονα</em></span> <span class='ocrx_word' id='word_1_249' title='bbox 483 3328 533 3446; x_wconf 65' lang='grc' dir='ltr'><em>κῙάί</em></span> <span class='ocrx_word' id='word_1_250' title='bbox 556 3342 830 3468; x_wconf 54' lang='grc' dir='ltr'><em>οφέ&lt;οί&gt;αττονὲα&gt;</em></span> <span class='ocrx_word' id='word_1_251' title='bbox 854 3395 877 3447; x_wconf 95' lang='grc' dir='ltr'><strong>Β</strong></span> <span class='ocrx_word' id='word_1_252' title='bbox 900 3395 954 3450; x_wconf 80' lang='lat' dir='ltr'>del.</span> <span class='ocrx_word' id='word_1_253' title='bbox 973 3344 1092 3451; x_wconf 54' lang='lat' dir='ltr'>Hudsgn</span> <span class='ocrx_word' id='word_1_254' title='bbox 1166 3405 1199 3454; x_wconf 83' lang='lat'><em>19</em></span> 
     </span>
     <span class='ocr_line' id='line_1_32' title="bbox 181 3459 1199 3600; baseline 0.009 -85"><span class='ocrx_word' id='word_1_255' title='bbox 181 3459 328 3600; x_wconf 50' lang='grc' dir='ltr'><em>ἒθῖδσῖλεξχ</em></span> <span class='ocrx_word' id='word_1_256' title='bbox 338 3461 496 3587; x_wconf 38' lang='grc' dir='ltr'><em>Ι-χτβὶίαὲἰδ.</em></span> <span class='ocrx_word' id='word_1_257' title='bbox 510 3463 612 3534; x_wconf 89' lang='lat' dir='ltr'><strong>Bbmg</strong></span> <span class='ocrx_word' id='word_1_258' title='bbox 675 3471 710 3518; x_wconf 79' lang='lat'><em>20</em></span> <span class='ocrx_word' id='word_1_259' title='bbox 725 3467 882 3537; x_wconf 85' lang='grc' dir='ltr'><em>βυκανιτῶν</em></span> <span class='ocrx_word' id='word_1_260' title='bbox 895 3467 921 3518; x_wconf 88' lang='grc' dir='ltr'><strong>Α</strong></span> <span class='ocrx_word' id='word_1_261' title='bbox 935 3467 1199 3542; x_wconf 87' lang='grc' dir='ltr'><em>βυκακ&lt;ισ&gt;τ&lt;ω&gt;ν</em></span> 
     </span>
    </p>
   </div>
   <div class='ocr_carea' id='block_1_4' title="bbox 0 0 1342 3978">
    <p class='ocr_par' dir='ltr' id='par_1_6' title="bbox 0 0 1342 3978">
     <span class='ocr_line' id='line_1_33' title="bbox 0 0 1342 3978; baseline 0 1"><span class='ocrx_word' id='word_1_262' title='bbox 0 0 1342 3978; x_wconf 95' lang='lat' dir='ltr'><em> </em></span> 
     </span>
    </p>
   </div>
  </div>
 </body>
</html>
