2660 3976
523 247 689 297 -Η-
1051 243 1155 312 189Ι

38 475 40 514 ⁴
114 405 166 483 ξειε
194 405 309 493 μηκέτι
340 411 519 494 προίεσθαι
550 407 609 485 τάς
639 418 815 492 γυναῖκας,
847 405 988 494 ἀμαχητὶ
1019 421 1114 494 σφῶν

38 519 40 600 λ
108 511 288 581 ἁλώσεσθαι
306 517 369 599 τήν
387 517 500 580 πόλιν·
519 512 636 596 ἠξίουν
654 509 683 578 τ’
701 513 803 591 αύτολς
821 516 927 598 μόνον
945 513 1040 579 ἐᾶσαι
1059 517 1116 592 τάς

39 621 40 680 ἰ
66 622 330 706 ιοοσπροσηκούσας
358 629 404 709 τῷ
432 622 576 710 Μαρκίφ
609 629 769 703 γυναῖκας
799 620 866 704 άμα
893 629 963 697 τολς
989 617 1117 697 τέκνοις

38 719 40 814 ξ
114 727 202 794 αύιοῦ
216 726 452 814 πορευομένας.
489 723 644 812 ἓτεροιδ
669 722 748 792 οὐδὲ
767 726 901 803 ταύταις
917 723 1023 814 ᾤοντο
1043 727 1114 791 δεῖν

113 831 285 922 ἐπιτρέπειν
308 836 369 919 τήν
392 833 523 918 ἔξοδον,
549 832 710 918 ἐπιμελῶς
732 828 770 897 δέ
792 829 848 898 καλ
869 833 990 909 ταύτας
1011 831 1116 920 παρή-
1144 851 1156 892 ε

112 965 183 1008 νουν
213 941 409 1026 φυλάττειν,
441 939 549 1026 ὅμηρα
580 942 782 1023 νομίσαντας
813 941 901 1024 ἔχειν
929 940 1018 1024 παρὰ
1049 951 1116 1005 τῶν

113 1053 268 1133 πολεμίων
290 1045 431 1133 ἐχέγγυα
453 1056 514 1114 τοῦ
533 1042 638 1131 μηδὲν
655 1047 717 1130 τήν
734 1047 833 1111 πόλιν
856 1043 1038 1130 ἀνήκεστον
1058 1043 1112 1112 ὑπ’

114 1155 212 1220 αὐτῶν
224 1160 358 1220 παθείν.
396 1155 432 1219 οί
448 1149 486 1218 δὲ
503 1153 623 1230 πάσαις
642 1153 889 1236 συνεβούλευον
907 1154 1152 1239 συγχωρήσαιὸ

105 1271 174 1338 ταῖς
194 1257 414 1346 βουλομέναις
435 1257 568 1346 γυναιξί
589 1261 651 1344 τήν
673 1257 802 1342 ἔξοδον,
827 1257 885 1322 ἰ’να
907 1261 971 1323 σὺν
993 1262 1118 1343 μείζονι

114 1365 260 1454 ἀξιώματι
290 1367 328 1433 αλ
347 1377 393 1455 τῷ
414 1369 558 1454 Μαρκίφ
581 1366 809 1452 προσήκουσαι
831 1365 1035 1447 ποιήσωνται
1057 1365 1118 1446 τήν
1133 1385 1159 1424 10

113 1470 186 1560 ὑπὲρ
208 1481 266 1558 τῆς
288 1476 448 1560 πατρίδος
471 1471 596 1558 δέησιν.
640 1481 701 1538 τοῦ
722 1468 759 1536 δέ
777 1467 886 1556 μηθὲν
905 1469 1020 1546 αὐταῖς
1038 1486 1119 1553 συμ

114 1581 267 1662 θήσεσθαι
291 1581 405 1647 δεινὸν
428 1579 589 1664 ἐγγυητάς
610 1575 797 1662 ἀπέφαινον
820 1573 998 1662 ἐσομένους
1017 1578 1120 1652 θεοὺς

114 1681 168 1769 μὲν
184 1697 328 1770 πρῶτον,
347 1677 398 1764 οἷς
414 1691 678 1752 καθοσιωθεῖσαι
694 1684 752 1760 τδς
770 1685 892 1761 λιασλας
908 1685 1119 1766 ποιήσονται·

115 1793 216 1857 ἔπειτα
237 1794 298 1858 τδυ
320 1793 428 1878 ἀνδρα
451 1792 565 1875 αὐτόν,
587 1792 670 1876 πρὸς
690 1789 730 1854 ὃν
749 1791 887 1873 ἔμελλον
904 1790 1120 1875 πορεύεσθαι,

114 1897 211 1982 πάσης
242 1897 361 1964 ἀδίκου
393 1920 428 1964 τε
461 1895 516 1963 καὶ
546 1897 685 1963 ἀνοσίου
712 1895 860 1983 πράξεως
886 1898 1038 1978 καθαρὸν
1065 1876 1161 1988 καλξῗ5

115 2001 266 2088 ἀμίαντον
289 2003 451 2090 ἐσχηκότα
469 2007 529 2070 τὸν
547 2006 633 2088 βίον.
682 2001 775 2068 ἐνίκα
794 1999 824 2068 δ’
847 2002 936 2087 ὅμως
953 2001 973 2084 ή
994 2017 1121 2084 συγχυ-

105 2120 213 2193 ’ροῦσα
237 2113 353 2197 γνώμη
380 2121 453 2188 ταῖς
479 2107 611 2194 γυναιξὶ
638 2110 700 2193 τήν
728 2108 845 2188 ἐξοδον
872 2112 1029 2193 μέγιστον
1061 2106 1122 2191 ἀμ-

115 2227 188 2300 φοῖν
209 2217 373 2302 ἐγκώμιον
397 2218 530 2302 ἔχουσα,
551 2225 611 2302 τῆς
633 2212 695 2300 μὲν
718 2220 843 2301 βουλής
860 2224 920 2280 τοῦ
943 2216 1122 2299 φρονίμου,

116 2321 161 2388 ότι
185 2326 224 2390 τά
250 2325 409 2410 κράτιστα
435 2320 491 2388 καλ
514 2326 719 2408 γενησόμενα
741 2321 913 2406 προείδετο
933 2317 1035 2386 οὐδὲν
1056 2320 1122 2388 ὑπὸ

64 2439 170 2495 ιιοιτού
190 2431 352 2497 κινδύνου
375 2431 551 2515 τηλικοῦδε
582 2432 679 2506 ὄντος
700 2427 969 2513 ἐπιταραχθείσα·
997 2437 1058 2494 τοῦ
1086 2423 1123 2492 δὲ
1136 2445 1163 2485 ²⁰

117 2539 264 2622 Μαρκίου
290 2543 349 2620 τής
377 2535 559 2620 εὐσεβείας,
591 2535 643 2601 δτι
671 2533 829 2618 πολέμιος
856 2533 904 2598 ὢν
936 2531 1122 2600 ἐπιστεύετο

36 2651 38 2776 χ
119 2640 212 2726 μηδὲν
231 2644 408 2728 ἀσεβήσειν
426 2644 474 2720 είς
492 2645 529 2708 τὸ
548 2638 793 2707 ἀσθενέστατον
806 2647 863 2723 τής
879 2642 1007 2716 πόλεως
1025 2637 1124 2723 μέρος

36 2781 38 2836 χ
119 2748 221 2833 κύριος
243 2750 348 2816 αὐτοῦ
370 2749 540 2825 καταστάς.
586 2748 631 2825 ὡς
654 2743 691 2812 δέ
713 2749 751 2813 τὸ
774 2746 1009 2832 προβούλευμα
1028 2744 1157 2829 ἐγρά-7

120 2876 172 2939 φη,
197 2859 419 2944 προελθόντες
449 2855 484 2921 οί
510 2855 629 2920 ύπατοι
658 2854 706 2932 είς
727 2854 788 2938 τήν
811 2851 938 2938 ἀγοράν
960 2848 1016 2918 καὶ
1045 2867 1125 2916 συν-

108 2966 289 3046 αγαγόντες
321 2960 500 3046 ἐκκλησίαν
527 2965 666 3039 σκότους
687 2960 800 3045 ἰόντος,
818 2961 883 3044 ήδη
913 2960 954 3024 τὰ
983 2955 1126 3036 δόξαντα
1140 2982 1165 3024 ιε

120 3075 161 3152 τῷ
182 3071 344 3158 συνεδρίῳ
368 3067 575 3153 διεσάφησαν
597 3066 653 3134 καλ
681 3078 841 3155 προεῖπον
863 3067 958 3152 ήκειν
980 3066 1126 3142 ἅπαντας

185 3302 200 3349 9
219 3297 287 3369 (ἵνα
305 3297 357 3351 οδν
376 3297 483 3366 μείζονι
501 3295 659 3368 ἀξια>ματι
678 3295 700 3350 Β
788 3302 822 3350 16
841 3289 990 3366 ἐσχηκότα]
1011 3289 1127 3362 ἐζηκότα

125 3377 152 3450 e.¹
164 3364 246 3456 ιαμ
264 3367 330 3422 obs.
348 3386 375 3437 p.
393 3372 452 3434 ιιι,
472 3366 522 3456 φο
541 3366 574 3419 σε.
594 3368 695 3434 154,1
715 3367 737 3437 (1
752 3371 795 3434 οι,
811 3368 846 3435 ε),
865 3366 952 3420 X159
1033 3372 1065 3418 19
1085 3364 1127 3419 ετ

126 3438 561 3580 ἀλιέλλῖἔῗτεῖίλζ.Ύῖἐηλῖλεῖῗ
574 3436 877 3562 ἐοέἑᾏιῖρζολῗιόίοῗ.
890 3435 940 3559 ’ἐῗέ
952 3434 1012 3561 δέ’
1032 3437 1129 3490 Μ
