2586 3972
514 245 682 320 -Ηῑ-
1041 242 1105 307 217

161 403 259 469 LXII.
303 406 348 469 Εἰ
370 400 431 488 μὲν
455 397 517 468 οὖν
540 404 607 487 ἅμα
629 415 700 482 τοῖς
723 405 852 489 σώμασι
875 406 1108 490 διαλυομένοις

102 508 150 576 καλ
176 513 213 577 τὸ
244 520 303 596 τῆς
333 519 457 596 ψυχῆς,
490 507 658 594 ὁτιδήποτ’
690 509 781 576 ἐστὶν
814 509 940 595 έκεῖνο,
970 514 1108 578 συνδια-

21 657 22 662 1
101 618 221 701 λύεται,
248 616 304 682 καὶ
331 616 461 702 οὐδαμῇ
490 612 595 683 οὐθὲν
624 618 671 682 ἔτι
699 615 805 700 ἐστίν,
834 616 896 683 ούτι
923 613 987 684 οἷδ’
1020 619 1109 697 ὅπως

20 759 21 788 ;
100 727 274 810 μακαρίους
296 723 453 808 ὑπολάβω
476 725 555 802 τοὺς
572 719 682 808 μηθὲν
700 719 762 807 μὲν
780 723 1032 803 ἀπολαύσαντας
1050 735 1109 811 τῆς

101 829 208 916 ἀρετῆς
224 822 442 915 ’ἀγαθύν,·δι’
465 830 570 915 αὐτήν
593 827 631 896 δὲ
653 832 777 915 ταύτην
800 829 1038 916 ἀπολομένους.
1079 835 1110 898 εί
1135 852 1149 893 5

19 977 21 1020 χ
101 934 127 1002 δ’
152 939 320 1026 ἄφθαρτοι
347 935 443 1024 μέχρι
470 947 531 1006 τοῦ
557 939 680 1015 παντὸς
703 938 741 1002 αί
759 937 863 1024 ψυχαὶ
885 940 1110 1026 τυγχάνωσιν

18 1041 20 1126 χ
99 1043 185 1130 ήμῶν
204 1039 304 1111 οὖσαι
321 1045 473 1130 καθάπερ
492 1047 624 1110 οἴονταί
637 1066 736 1129 τινες,
754 1043 775 1129 ή
794 1049 918 1132 χρόνον
935 1048 1010 1113 τινά
1029 1048 1110 1132 μετά

99 1153 154 1236 τήν
172 1152 369 1236 ἀπαλλαγήν
387 1162 453 1216 τῶν
472 1151 636 1235 σωμάτων
653 1153 701 1217 ἔτι
720 1150 928 1236 διαμένουσι,
949 1141 1110 1238 μήκιστον

100 1254 155 1341 μὲν
177 1258 216 1322 αί
234 1267 303 1322 τῶν
325 1255 465 1340 ἀγαθῶν
488 1255 635 1342 ἀνδρῶν,
658 1255 831 1342 ἐλάχιστον
855 1255 886 1322 δ’
906 1259 945 1324 αί
964 1270 1031 1325 τών
1053 1285 1110 1326 κα-

98 1375 173 1448 κῶν,
195 1363 375 1450 ἀποχρῶσα
392 1363 470 1448 τιμή
493 1357 637 1448 φαίνοιτ’
659 1364 713 1447 άν,
737 1354 787 1440 οἷς
809 1362 930 1450 ἀρετήν
949 1364 1110 1432 ἀσκοῦσιν
1125 1386 1151 1424 1⁰

99 1469 287 1556 ἠναντιώθη
311 1471 351 1535 τά
375 1469 411 1536 ἐκ
433 1479 491 1554 τῆς
513 1471 628 1556 τύχης,
655 1469 676 1554 ή
700 1471 789 1556 παρά
811 1479 879 1536 τῶν
902 1471 1034 1549 ζώντων
1057 1473 1111 1537 εύ-

46 1581 188 1660 1οιτλογία
211 1575 267 1643 καὶ
290 1579 402 1661 μνήμη
425 1574 521 1661 μέχρι
542 1579 700 1642 πλείστου
720 1579 951 1661 παραμείνασα
973 1580 1109 1664 χρόνον·

99 1681 190 1749 δκαλ
217 1691 264 1771 τῷ
292 1680 392 1769 ἀνδρὶ
419 1681 534 1772 ἐκείνῳ
562 1680 696 1767 συνέβη.
742 1682 784 1749 ού
807 1683 870 1768 γάρ
894 1687 1000 1769 μόνον
1022 1683 1146 1750 Θύο-2

17 1869 19 1874 Ι
98 1795 231 1856 λούσκοι
260 1792 320 1857 τὸν
349 1789 501 1855 θάνατον
532 1787 722 1874 ἐπένθησαν
752 1790 857 1857 αὐτοῦ
886 1789 941 1856 καὶ
971 1793 1016 1869 ώς
1044 1802 1112 1857 τῶν

16 1877 19 1952 ἕ
98 1895 239 1982 ἀρίστων
258 1897 441 1980 γενόμενον
459 1893 497 1960 ἐν
515 1904 591 1980 τιμή
611 1897 757 1981 ἐχουσιν,
775 1896 860 1963 ἀλλά
877 1895 933 1962 καὶ
947 1895 1111 1981 Ῥωμαῖοι,
1127 1913 1153 1954 1⁵

99 2001 209 2088 ἐπειδή
233 2005 270 2069 τὸ
294 2002 404 2079 πάθος
426 2000 594 2085 ἐγνώσθη,
617 2002 764 2088 μεγάλην
787 2005 966 2090 συμφοράν
989 2003 1113 2070 ὑπολα-

16 2191 17 2196 1
99 2113 212 2194 βάντες
234 2104 322 2177 εἶναι
344 2119 403 2195 τῆς
425 2112 568 2194 πόλεως,
594 2107 721 2187 πένθος
744 2108 942 2192 ἐποιήσαντο
966 2111 1035 2198 ίδίςι
1057 2109 1112 2176 καὶ

16 2203 17 2208 ¹
100 2217 253 2305 δημοσίᾳ·
276 2214 333 2282 καὶ
350 2215 430 2300 <αί>
450 2226 605 2299 γυναῖκες
627 2215 749 2300 αὐτῶν,
772 2215 793 2282 δ
816 2217 919 2300 νόμος
941 2213 1032 2281 ἐστὶν
1055 2215 1113 2281 αύ-

99 2335 166 2401 ταίς
190 2322 243 2390 ἐπὶ
266 2333 336 2399 τοῖς
360 2323 459 2399 ίδίοις
480 2345 515 2388 τε
537 2321 592 2388 καὶ
613 2321 808 2405 ’ἀναγκαίοις
830 2332 940 2388 ποιεῖν
964 2323 1113 2407 κήδεσιν,

99 2427 303 2515 ἀποθέμεναι
331 2431 457 2515 χρυσόν
484 2451 518 2494 τε
546 2427 601 2494 καὶ
633 2430 812 2516 πορφύραν
839 2425 895 2492 καὶ
922 2430 981 2494 τὸν
1010 2430 1113 2496 άλλον
1127 2449 1154 2488 20

83 2610 85 2614 ,
99 2536 224 2604 άπαντα
237 2539 364 2621 κόσμον
378 2533 517 2620 μέλασιν
531 2534 736 2619 ἀμφιασμοῖς
748 2535 916 2619 χρώμεναι
930 2536 990 2600 τὸν
1003 2533 1113 2600 ένιαύ-

16 2719 17 2730 ¹
100 2657 171 2708 σιον
195 2641 388 2727 ἐπένθησαν
406 2644 540 2728 χρόνον.
586 2639 669 2706 ἐτῶν
688 2637 726 2705 δδ
744 2640 826 2725 μετά
843 2643 881 2708 τὸ
900 2640 1010 2719 πάθος
1028 2641 1148 2726 ὁμοῦ3

99 2771 129 2813 τι
150 2752 378 2815 πεντακοσίων
404 2750 469 2832 ήδη
494 2748 737 2830 διαγεγονότων
760 2747 808 2824 είς
834 2748 933 2812 τόνδε
955 2749 1014 2813 τὸν
1037 2751 1113 2834 χρύ-
1191 2819 1193 2824 ,

100 2878 160 2921 νον
188 2856 229 2923 οὐ
257 2853 396 2940 γέγονεν
426 2853 573 2937 ἐξίτηλος
601 2852 622 2936 ή
650 2862 710 2919 τοῦ
739 2852 862 2940 ἀνδρὸς
883 2855 1011 2938 μνήμη,
1038 2849 1111 2918 ἀλλ’

100 2959 212 3048 ᾄδεται
240 2960 297 3028 καὶ
319 2961 471 3047 ὑμνεῖται
494 2961 578 3046 πρὸς
600 2959 735 3026 πάντων
758 2960 803 3036 ὡς
825 2960 964 3045 εὐσεβής
985 2957 1042 3025 καὶ
1065 2961 1113 3024 δί-
1127 2977 1154 3018 τι

171 3162 186 3210 7
209 3153 314 3226 χρόνον
337 3153 407 3224 μετδι
429 3153 480 3222 τήν
511 3152 677 3223 ἀπαλλαγήν
700 3152 765 3207 τινὰ
787 3161 843 3206 τῶν
868 3151 890 3206 Ο
918 3167 987 3206 corr.
1010 3150 1115 3206 Reisko

103 3224 170 3279 duce
189 3224 340 3295 Sylburgio
421 3231 437 3278 8
456 3220 654 3294 ἐνδιαμένονσι
673 3223 696 3278 Ο
716 3226 746 3278 et
764 3222 865 3277 Suidas
885 3217 1115 3293 ἐπιδιαμένουσιν

16 3329 17 3338 1
102 3312 124 3350 ο.
143 3295 231 3352 Cobet
249 3296 316 3352 obs.
335 3315 363 3366 p.
380 3303 430 3351 166
459 3294 500 3351 ἔτι
523 3293 705 3365 διαμένουσιν
728 3294 775 3348 vel
799 3292 980 3364 διαμένουσιν
1004 3311 1027 3349 ο.
1053 3294 1116 3349 Sin-

102 3368 174 3422 tanis
192 3367 252 3424 Em.
272 3367 353 3423 Dion.
373 3367 414 3422 111
435 3375 467 3421 16
524 3371 557 3420 16
576 3367 697 3435 ἀρίστων
717 3363 768 3420 ἕνα
788 3382 812 3419 ο.
832 3364 1004 3435 Grasberger
1021 3365 1116 3422 Philo-

103 3436 182 3508 logus
201 3447 234 3495 28
254 3442 347 3508 (1869)
372 3457 399 3508 p.
420 3445 472 3494 666
535 3444 568 3492 18
588 3434 619 3491 αἱ
637 3436 702 3492 εδδ.
722 3435 826 3490 Reiske
893 3442 926 3492 21
947 3437 1117 3508 άμφιεσμοῖς

103 3507 247 3579 ΒΙαύτδν
267 3509 410 3565 ἐνιαύσιον
429 3526 452 3564 ο.
472 3507 617 3578 Kiessling

613 3597 635 3628 A
