2674 3978
586 266 748 314 ..z..
1156 263 1175 326 χ

158 429 273 492 πόνον.
323 411 482 491 ἀδύνατοι
515 407 547 490 δ’
579 426 672 502 ὄντες
698 425 938 514 κυκλώσασθαι
970 427 1048 502 τοὺς
1078 431 1176 504 πολε-

159 535 255 616 μίους
283 531 339 596 διά
364 534 603 618 στενοχωρίαν,
630 533 690 596 καί
708 554 739 596 τι
762 527 817 596 καὶ
840 539 901 596 τοῦ
924 531 1101 615 δαιμονίου
1123 555 1176 597 κε-

160 649 297 722 ραυνοῖς
318 635 373 703 καὶ
395 638 496 704 ὕδασι
518 636 573 704 καὶ
596 640 752 725 βρονταῖς
773 625 1088 726 συναγωνισαμένου
1106 649 1191 716 τοῖς.

149 741 304 829 Ἕλλησι,
327 745 494 822 δείσαντες
516 747 565 822 είς
586 744 699 830 φυγὴν
722 746 905 831 τρέπονται.
952 743 988 836 ἐγ
1011 744 1112 829 ταύτη
1135 746 1210 830 τηδ
1267 807 1274 818 ,

158 851 245 938 μάχη
263 852 384 928 πάντες
402 847 464 936 μὲν
483 851 518 917 οί
533 862 600 916 τῶν
615 853 777 935 Κυμαίων
797 850 906 928 ίππείς
918 836 1074 935 λαμπρῶς
1088 849 1174 933 ηγω-
1201 872 1214 914 ι

157 960 312 1043 νίσαντο,
342 956 398 1023 καὶ
429 967 487 1043 τῆς
517 960 612 1042 νίκης
644 952 738 1023 οὗτοι
770 957 911 1042 μάλιστα
940 957 1174 1041 ὡμολογοῦντο

157 1070 259 1130 αίτιοι
280 1062 450 1148 γενέσθαι,
473 1061 557 1151 ὑπὲρ
576 1064 723 1141 ἅπαντας
741 1060 779 1129 δὲ
797 1067 875 1142 τοὺς
892 1065 1015 1141 ἀλλους
1029 1060 1175 1150 Ἀριστό-

157 1171 263 1254 δημος
281 1171 299 1238 ὁ
317 1173 479 1249 Μαλακὸς
502 1169 773 1254 ἐπικαλούμενος·
796 1168 851 1235 καὶ
870 1157 932 1255 γάρ
950 1173 1011 1236 τὸν
1028 1170 1174 1255 ἡγεμόνα

156 1288 224 1342 τῶν
247 1281 414 1362 πολεμίων
438 1273 535 1354 οὗτος
557 1275 727 1343 ἀπέκτεινε
750 1279 852 1362 μόνος
874 1277 1020 1354 ὑποστάς
1042 1275 1097 1342 καὶ
1117 1278 1174 1343 άλ-
1297 1309 1300 1314 ·

154 1389 238 1461 λους
259 1385 403 1460 πολλοὺς
425 1382 481 1449 καὶ
503 1382 662 1466 ἀγαθούς.
699 1379 921 1459 λυθέντος-δὲ
943 1393 1004 1449 τοῦ
1026 1382 1174 1468 πολέμου
1189 1405 1215 1474 ιο

156 1491 215 1567 τὰς
245 1491 479 1576 χαριστηρίους
509 1493 633 1566 θυσίας
662 1487 842 1566 ἀποδόντες
871 1489 907 1555 οί
931 1491 1077 1573 Κυμαῖοι
1105 1501 1175 1567 τοῖς

85 1603 251 1673 ῖῖνοθεοῖς
272 1593 328 1662 καὶ
351 1596 456 1681 ταφάς
478 1606 545 1661 τῶν
569 1594 811 1660 ἀποθανόντων
831 1595 941 1679 (τῶν)
966 1593 1002 1660 ἐν
1025 1603 1063 1680 τῇ
1087 1597 1173 1683 μάχη

156 1703 307 1789 λαμπράς
324 1702 542 1786 ποιησάμενοι
559 1699 636 1788 περὶ
654 1711 721 1766 τῶν
739 1699 927 1786 ἀριστείων,
949 1701 1014 1791 ὅτςο
1032 1701 1095 1788 χρὴ
1113 1704 1173 1768 τὸν

154 1820 288 1894 πρῶτον
316 1807 502 1874 ἀποδοῦναι
527 1805 712 1893 στέφανον,
732 1793 788 1884 Ιείς
815 1809 943 1891 πολλὴν
969 1805 1172 1891 κατέστησαν
1255 1843 1270 1868 2

156 1918 236 2002 ἔριν.
288 1915 323 1981 οἱ
350 1911 412 2000 μὲν
440 1915 504 2001 γάρ
534 1912 682 1999 ἀκέραιοι
711 1911 820 1997 κριταὶ
850 1916 909 1981 τὸν
934 1881 1212 2000 Ἀριστόδημονίξ

156 2021 336 2107 ἐβούλοντο
358 2030 504 2106 τιμῆσαι,
527 2018 582 2086 καὶ
604 2015 647 2104 ην
671 2021 689 2087 δ
714 2021 817 2105 δῆμος
834 2022 919 2097 άπας
938 2017 1006 2105 μετ’
1029 2020 1170 2088 ἐκείνου·

155 2130 191 2194 οί
212 2125 250 2194 δὲ
268 2125 406 2200 δυνατοὶ
423 2129 482 2194 τὸν
503 2128 669 2213 ίππάρχην
682 2124 931 2211 Ἱππομέδοντα,
952 2126 1008 2193 καὶ
1026 2128 1046 2212 ἡ
1065 2130 1171 2214 βουλὴ

153 2243 244 2300 πᾶσα
270 2235 377 2323 τούτῳ
405 2233 669 2319 συνελάμβανεν·
701 2227 744 2318 ην
768 2231 798 2298 δ’
824 2233 1076 2320 ἀριστοκρατικὴ
1099 2237 1171 2302 τότε

153 2342 244 2428 παρὰ
261 2351 330 2419 τοῖς
344 2344 509 2426 Κυμαίοις
527 2340 548 2424 ἡ
567 2343 727 2424 πολιτεία,
745 2337 800 2406 καὶ
819 2340 837 2406 δ
857 2341 960 2425 δημος
978 2341 1019 2407 οὐ
1037 2347 1171 2409 πολλῶν

153 2473 257 2515 τινων
283 2441 406 2535 κύριος.
454 2447 598 2524 στάσεως
627 2444 664 2512 δὲ
692 2447 747 2512 διά
774 2447 898 2542 ταύτην
920 2448 982 2531 τὴν
1005 2450 1077 2531 ἔριν
1100 2449 1171 2515 ἀνι-
1185 2471 1212 2511 νο

58 2549 60 2554 ’
153 2553 317 2640 σταμόνης
339 2553 509 2632 δείσαντες
532 2555 568 2620 οί
587 2555 817 2640 πρεσβύτεροι,
840 2555 884 2639 μη
907 2557 990 2639 πρὸς
1012 2555 1098 2622 ὅπλα
1115 2555 1171 2622 καὶ

153 2663 289 2747 φόνους
307 2665 442 2748 χωρηση
464 2663 502 2727 τὸ
526 2664 720 2746 φιλότιμον,
747 2663 881 2727 ἔπεισαν
904 2660 1092 2749 ἀμφοτέρας
1114 2664 1171 2740 τάς

152 2767 259 2846 τάξεις
283 2778 495 2856 συγχωρῆσαι
513 2769 571 2846 τὰς
590 2773 663 2844 ίσας
681 2771 796 2852 λαβεῖν
813 2768 910 2853 τιμάς
929 2766 1084 2853 ἑκάτερον
1102 2781 1171 2835 τῶν

152 2876 296 2960 ἀνδρῶν.
346 2875 410 2942 ἀπὸ
440 2876 560 2960 ταύτης
586 2878 712 2958 γίνεται
739 2882 797 2958 τῆς
823 2873 926 2961 ἀρχῆς
954 2875 1062 2959 δήμου
1089 2879 1206 2959 προ-5
1267 2901 1269 2904 ·

152 2983 271 3067 στάτης
293 2982 311 3048 δ
332 2984 518 3064 [Μαλακὸς]
535 2979 770 3069 Ἀριστόδημος
791 2979 847 3046 καὶ
870 2982 973 3063 λόγου
996 2978 1169 3050 πολιτικοῦ
1184 3002 1210 3044 ει

153 3089 298 3174 δύναμιν
316 3075 463 3173 ἀσκήσας
480 3087 722 3173 ἐξεδημαγώγει
740 3090 777 3153 τὸ
794 3085 935 3172 πλῆθος,
952 3089 1173 3180 πολιτεύμασί

167 3277 170 3284 Ι
222 3315 489 3442 λστενοχωρ<ρέαν
507 3317 554 3370 Bb
609 3315 698 3386 8γδιρ
717 3332 771 3370 om.
790 3314 813 3367 Β
831 3315 897 3372 add.
914 3315 989 3408 Οωχ
1007 3319 1037 3371 et
1054 3317 1080 3370 R
1134 3324 1168 3372 10

151 3386 362 3450 καταλυθέντος
380 3405 402 3442 e.
448 3387 525 3442 eiske
590 3393 623 3441 12
642 3389 657 3422 *
676 3395 731 3441 τῶν
750 3385 851 3440 addidi
915 3393 948 3442 16
967 3407 1042 3450 απας
1061 3388 1168 3444 add.B

39 3502 41 3507 .
150 3458 419 3601 λΗιῖθῐὲῖὶίχλοχκδχΙδολ
438 3458 594 3527 Kiessling‚
615 3457 806 3530 Ἀριστόδημος
825 3457 878 3514 del.
899 3456 1072 3530 Grasberger
1089 3459 1167 3525 Τοεε.
