2660 3976
155 209 221 274 130
578 211 746 260 -H-

153 369 351 458 προθέντων
383 383 519 437 σκοπεῖν
548 381 615 436 τῶν
645 369 682 435 ἐν
712 379 782 447 τοῖς
811 369 919 437 τέλεσι
946 373 1126 457 παρελθὼν
1154 375 1176 441 ὁ

159 478 285 556 Τύλλος
309 478 573 562 συνεβούλευσεν
592 476 705 553 αὐτοῖς
726 482 840 541 καλεῖν
863 478 922 542 τὸν
940 477 1099 563 Μάρκιον
1117 477 1177 544 καὶ

155 581 232 671 παρ’
260 583 390 651 ἐκείνου
413 582 661 666 πυνθάνεσθαι,
685 593 755 659 πῶς
777 581 820 648 ἀν
842 578 1053 680 ἡῬωμαίων
1074 608 1176 650 κατα·
1236 655 1240 660 ,

155 695 275 775 λυθείη
308 691 464 773 δύναμις·
501 687 658 780 κράτιστα
695 688 758 774 γὰρ
793 685 949 754 ἁπάντων
981 687 1177 771 ἀνθρώπων

128 796 292 881 εείδέναι,
314 804 359 882 πῇ
381 818 416 859 τε
439 793 557 878 κάμνει
579 794 620 858 τὰ
638 801 695 877 τῆς
716 796 844 871 πόλεως
860 795 1036 879 πράγματα
1054 795 1110 863 καὶ
1127 806 1176 882 πῇ

154 905 296 990 μάλιστα
329 903 478 988 ἔρρωται.
530 898 638 965 ἐδόκει
669 909 786 984 ταῦτα,
818 898 874 966 καὶ
905 901 1023 967 αὐτίκα
1054 903 1178 981 πάντες

155 1009 262 1094 ἐβόων
286 1014 400 1074 καλεῖν
422 1009 482 1073 τὸν
505 989 620 1093 ἄνδρα.
666 1005 722 1072 καί
746 1007 763 1073 ὁ
783 1007 936 1092 Μάρκιος
954 1001 994 1091 ἧς
1017 1007 1175 1092 ἐβούλετο
1280 1091 1287 1108 ⁶

155 1115 307 1202 ἀφορμῆς
329 1117 512 1199 λαβόμενος
535 1112 653 1197 ἀνέστη
679 1115 827 1198 κατηφὴς
848 1112 904 1179 καὶ
927 1115 1176 1201 δεδακρυμένος
1286 1125 1289 1132 ’

154 1220 210 1288 καί
233 1224 354 1308 μικρὸν
377 1220 521 1306 ἐπισχὼν
544 1223 668 1306 χρόνον
685 1221 860 1297 τοιούτους
882 1219 1015 1287 διέθετο
1039 1224 1175 1307 λόγους·

114 1311 200 1425 {Ec
225 1324 287 1413 μὲν
313 1328 466 1413 ἡγούμην
488 1328 575 1412 ὑμᾶς
601 1328 748 1404 ἅπαντας
777 1327 876 1412 ὅμοια
897 1328 1075 1410 γινώσκειν
1097 1329 1176 1416 περὶ

153 1444 214 1520 τῆς
240 1434 320 1520 ἐμῆς
347 1443 535 1520 συμφορᾶς,
567 1433 629 1498 οὐκ
656 1432 699 1498 ἀν
725 1433 962 1517 ὑπελάμβανον
989 1433 1175 1520 ἀναγκαῖον

154 1536 242 1608 εἶναι
268 1539 345 1626 περὶ
373 1541 475 1625 αὐτῆς
497 1540 749 1622 ἀπολογεῖσθαι·
778 1538 1031 1625 ἐνθυμούμενος
1053 1536 1099 1631 δ’,
1126 1543 1252 1621 ὡς1513

155 1647 192 1714 ἐν
218 1652 355 1725 πολλοῖς
381 1645 436 1712 καί
464 1647 639 1731 διαφόροις
665 1647 787 1730 ἤθεσιν
816 1648 919 1730 είκός,
951 1642 1042 1713 εἶναί
1068 1672 1174 1734 τινας,

154 1745 206 1832 οἷς
227 1755 471 1838 παραστήσεται
494 1750 575 1830 δόξα
602 1749 672 1818 οὔτ’
699 1751 829 1836 ἀληθης
854 1753 931 1818 ούτε
957 1757 1175 1840 προσήκουσα

113 1882 141 1924 15
155 1857 231 1946 περὶ
251 1859 344 1944 ἐμοῦ,
367 1860 412 1937 ὡς
436 1859 496 1926 οὐκ
519 1858 561 1924 ἀν
581 1860 658 1946 ἀτερ
678 1860 783 1936 αἰτίας
801 1858 951 1943 ἀληθοῦς
967 1859 1023 1926 καί
1042 1863 1175 1940 δικαίας

156 1966 295 2052 ἐξηλασέ
314 1989 355 2051 με
377 1966 396 2032 ὁ
420 1967 525 2050 δῆμος
548 1963 584 2030 ἐκ
606 1974 663 2049 της
684 1967 855 2051 πατρίδος,
884 1969 1008 2044 παντὸς
1031 1967 1175 2052 μάλιστα

156 2081 268 2159 οίομαι
296 2075 369 2138 δεῖν
396 2082 528 2158 πρῶτον
556 2067 639 2158 ὑπὲρ
672 2080 729 2156 της
761 2070 841 2156 ἐμης
869 2081 978 2158 φυγῆς
1006 2072 1043 2138 ἐν
1069 2083 1173 2162 κοινῷ

119 2182 239 2266 3πρδς
266 2181 412 2256 ἅπαντας
438 2177 525 2262 ὑμᾶς
553 2161 837 2262 ἀπολογήσασθαι.
882 2176 954 2245 ἀλλ’
985 2178 1178 2265 ἀνάσχεσθέ

155 2311 233 2372 μου,
250 2287 333 2371 πρὸς
349 2292 454 2369 θεῶν,
471 2283 526 2350 καὶ
545 2285 581 2351 οί
596 2285 752 2370 κράτιστα
769 2284 960 2370 ἐγνωκότες,
978 2286 999 2351 ἃ
1017 2285 1174 2352 πέπονθα

114 2418 142 2459 εο
154 2393 221 2459 ὑπὸ
244 2403 311 2458 τῶν
334 2391 466 2478 ἐχθρῶν
489 2389 545 2457 καὶ
568 2392 613 2468 ὡς
636 2391 678 2457 ού
700 2393 871 2476 προσῆκόν
894 2416 951 2477 μοι
972 2394 1094 2477 ταύτης
1115 2415 1174 2459 πε-

154 2502 311 2585 πείραμαι
325 2507 383 2583 τῆς
396 2499 497 2584 τύχης
511 2497 702 2583 διεξιόντος,
717 2496 773 2563 καὶ
786 2499 831 2583 μη
845 2501 1009 2586 πρότερον
1023 2506 1173 2586 ποθεῖτε,

154 2605 174 2670 ό
203 2629 235 2670 ιι
264 2606 326 2691 χρὴ
349 2605 505 2692 πράττειν
528 2604 679 2689 ἀκοῦσαι,
710 2607 802 2689 πρίν,
835 2605 948 2683 ὁποῖός
977 2629 1026 2684 τις
1055 2605 1123 2692 είμὶ
1153 2609 1172 2674 ό

154 2713 216 2796 την
234 2713 371 2796 γνώμην
390 2710 655 2796 ἀποδειξόμενος,
678 2709 835 2789 ἐξετάσαι.
881 2713 972 2786 ἐσται
991 2709 1029 2778 δὲ
1046 2716 1173 2800 βραχὺς

116 2828 140 2893 4
155 2820 173 2886 ὁ
191 2817 405 2904 περὶαύτῶν,
424 2816 488 2883 κάν
500 2820 678 2903 πρόσωθεν
692 2815 854 2903 ἄρξωμαι,
871 2820 978 2901 λόγος.
1000 2816 1173 2903 Ῥωμαίοις

114 2952 141 2993 ετ
154 2928 193 2992 τὸ
216 2921 278 3009 μὲν
301 2923 335 3002 ἐξ
358 2924 461 3011 ἀρχῆς
482 2926 664 3008 πολίτευμα
686 2918 729 3007 ἦν
752 2926 868 3007 μικτὸν
887 2926 924 2989 ἐκ
946 2948 979 2989 τε
1002 2929 1174 3009 βασιλείας

154 3029 211 3096 καὶ
229 3030 492 3118 ἀριστοκρατίας·
523 3033 633 3096 ἔπειτα
656 3031 674 3097 ὁ
697 3035 1061 3116 τελευταῖοςβασιλεὺς
1087 3038 1173 3115 Ταρ-

154 3139 270 3215 κύνιος
292 3140 476 3224 τυραννίδα
498 3138 560 3221 τὴν
582 3137 688 3224 ἀρχὴν
710 3136 805 3220 ἠξίου
829 3151 946 3205 ποιεῖν.
993 3139 1174 3218 συστάντες

228 3335 262 3383 10
281 3329 390 3394 πάντας
400 3332 422 3385 Β
478 3337 511 3385 13
525 3329 641 3403 ἤθεσιν]
656 3330 796 3399 πλήθεσιν
806 3330 930 3387 Kiesslin
961 3332 1170 3403 0011.V1135,2

157 3405 190 3456 15
209 3400 275 3470 περὶ
293 3396 361 3470 ἐμοῦ
381 3401 488 3457 εδδ.Β
560 3409 595 3457 20
613 3409 734 3472 προςῆκε
749 3404 771 3456 Β
785 3411 925 3474 προςῆκον
1036 3410 1071 3459 23
1085 3422 1171 3474 προσ-

154 3471 319 3541 δειξάμενος
337 3472 389 3527 ΑΒ
462 3479 498 3528 24
516 3472 630 3546 αότω<ν
649 3472 766 3546 κάν>Β
840 3481 874 3530 25
893 3475 991 3545 μικτδν
1010 3475 1116 3531 add.B
