2586 3972
498 329 530 337 -
569 297 665 350 Θ-
1024 301 1089 365 293

70 449 259 544 ἀρξάμενος
279 457 376 545 μέχρι
399 459 527 536 δύσεως
548 460 656 543 ἡλίου.
688 462 729 525 τὰ
748 458 785 526 δὲ
803 470 861 545 τῆς
878 462 977 550 τύχης
995 461 1090 548 μέχρι

71 570 202 631 πολλοῦ
224 567 302 650 τῇδε
325 564 381 632 καὶ
403 568 482 652 τῇδε
502 570 615 650 νίκαις
637 589 672 632 τε
690 565 746 632 καὶ
764 569 877 651 ἥτταις
893 572 1091 634 ταλαντευό-

71 695 156 756 μενα
185 671 364 756 διέμεινεν·
394 673 523 739 ὑπάτου
552 669 590 738 δὲ
612 674 759 751 θάνατος
782 673 912 767 έγένετο
935 672 991 739 καὶ
1013 696 1091 756 πρε-

71 782 217 862 σβευτοῦ
236 776 287 856 δὶς
305 779 553 857 ὑπατεύσαντος
570 778 626 846 καλ
642 782 755 847 ἀλλων
769 786 903 848 πολλῶν
916 781 1090 865 ἡγεμόνων

71 883 125 974 καλ
153 883 339 971 ταξιάρχων
365 884 421 951 καί
449 891 617 972 λοχαγῶν,
646 887 736 952 ὅσων
762 887 894 954 οὐδέπω
916 890 1089 972 πρότερον.
1117 912 1130 951 5

69 994 107 1057 τὸ
138 990 253 1076 μέντοι
283 992 403 1079 κράτος
430 996 490 1058 τοὺ
517 990 647 1075 ἀγῶνος
674 992 782 1059 Ιέδόκει
809 993 886 1079 περὶ
913 997 992 1071 τοὺς
1014 992 1090 1059 Ῥω-

3 1172 8 1180 .
69 1101 191 1183 μαίους
204 1098 379 1182 γεγονέναι
392 1097 463 1165 κατ’
476 1100 559 1165 ἀλλο
573 1094 635 1183 μὲν
648 1098 761 1185 οὐδέν,
779 1100 831 1166 ὅτι
846 1096 883 1165 δὲ
896 1109 935 1185 τῇ
951 1099 1090 1188 ἐπιούσῃ·

69 1203 167 1270 νυκτὶ
186 1209 422 1296 καταλιπόντες
439 1207 498 1271 τὸν
517 1206 644 1291 χάρακα
663 1206 698 1271 οί
719 1204 887 1292 Τυρρηνοὶ
906 1204 1090 1286 ἀνέζευξαν.

69 1320 108 1396 τῇ
133 1307 165 1376 δ’
189 1308 261 1394 ἑξῆς
283 1309 391 1397 ἡμέρῳ
412 1312 495 1395 πρὸς
510 1310 668 1397 ’ἁρπαγάς
689 1321 746 1395 τῆς
768 1301 1000 1397 έκλέιφδείσης
1021 1314 1123 1384 ὑπὺ3

69 1430 137 1484 τῶν
162 1422 346 1504 Τυρρηνῶν
368 1420 579 1502 παρεμβολῆς
598 1418 633 1482 ολ
649 1421 796 1501 Ρωμαῖοι
813 1422 1015 1505 τραπόμενοι
1033 1417 1089 1484 καὶ
1101 1443 1131 1481 ,ιο

9 1525 179 1612 ιειεταφὰς
201 1525 419 1609 ποιησάμενοι
441 1535 509 1589 τῶν
533 1522 702 1610 σφετέρων
722 1535 850 1607 νεκρῶν
869 1523 1024 1608 ἀπῆλθον
1042 1527 1090 1601 είς

69 1635 128 1699 τὸν
161 1629 289 1696 ἑαυτῶν
320 1629 454 1717 χάρακα.
502 1629 571 1696 έκεῑ
601 1628 631 1695 δ’
665 1630 842 1715 ἐκκλησίαν
871 1633 1090 1716 ποιησάμενοι

68 1749 139 1816 τοῖς
167 1736 430 1822 ἀγωνισαμένοις
453 1742 609 1823 λαμπρῶς
630 1738 689 1814 τάς
712 1735 899 1823 ἀριστείους
922 1725 1091 1805 ἀπέδοσαν

68 1843 181 1929 τιμάς,
213 1845 334 1932 πρώτῳ
366 1839 428 1927 μὲν
458 1845 608 1920 Καίσωνι
640 1847 761 1934 Φαβίῳ
791 1855 836 1932 τςό
868 1855 929 1911 τοῦ
961 1846 1090 1911 ὑπάτου

62 1937 206 2039 άδελφῳ
226 1951 353 2035 μεγάλα
371 1948 426 2016 καὶ
444 1951 622 2035 θαυμαστά
641 1952 723 2035 ἔργα
737 1950 995 2038 ἀποδειξαμένῳ,
1015 1953 1090 2017 δευ-
1106 1973 1130 2013 ιι

68 2055 154 2147 τέρῳ
187 2053 225 2121 δέ
256 2066 302 2145 τῷ
334 2060 478 2146 Σικκίῳ,
509 2063 555 2144 τῷ
588 2055 842 2146 διαπραξαμένῳ
875 2060 934 2123 τὸν
955 2058 1091 2143 Ιχάρακα

68 2163 324 2247 ἀνασώσασθαι,
342 2167 442 2252 τρίτῳ
461 2160 499 2228 δὲ
517 2163 647 2253 Μάρκῳ
669 2166 868 2253 Φλαβοληίῳ
888 2173 934 2250 τῷ
952 2164 1091 2248 ἡγεμόνι

49 2280 129 2336 ’τοῦ
158 2270 339 2354 τάγματος,
366 2280 427 2335 τοῦ
454 2267 490 2334 δ’
517 2269 620 2356 ὅρκου
648 2271 747 2357 χάριν
774 2267 829 2335 καὶ
857 2277 914 2354 τῆς
938 2272 1027 2356 παρά
1050 2272 1091 2335 τά
1129 2310 1133 2316 ·

2 2431 3 2434 ι
68 2377 164 2442 δεινὰ
196 2376 316 2460 όόιμης.
364 2375 623 2462 διαπραξάμενοι
652 2371 689 2441 δὲ
717 2385 819 2442 ταῦτα
841 2374 897 2441 καὶ
921 2370 1126 2460 μείναντεςό

68 2480 196 2569 ἡμέρας
218 2482 333 2565 ὀλίγας
355 2480 409 2547 ἐπὶ
432 2491 492 2548 τοῦ
514 2483 673 2569 χάρακος,
693 2482 745 2559 δις
768 2480 879 2559 οὐδεὶς
897 2480 1091 2568 ἀντεπεξῄει
1106 2465 1139 2546 τό

68 2601 138 2690 τῶν
160 2591 332 2673 πολεμίων
354 2591 594 2684 μαχησόμενος,
617 2585 766 2674 ἀπηεσαν
789 2585 838 2652 ἐπ’
862 2582 966 2654 οἴκου.
1010 2589 1127 2654 πάνϋ

4 2765 5 2768 ,
69 2682 139 2762 τιον
168 2692 206 2761 δὲ
233 2707 301 2762 τῶν
327 2695 409 2761 κατά
437 2696 498 2778 την
524 2697 640 2777 πόλιν,
668 2693 713 2770 ὡς
740 2691 793 2758 έπδ
821 2698 963 2783 μεγίστῳ
987 2693 1092 2777 ἀγῶνι

68 2803 252 2869 κάλλιστον
283 2801 377 2879 τέλος
409 2801 577 2884 είληφότι,
612 2801 674 2883 την
706 2798 870 2867 ἐπινίκιον
902 2801 999 2884 τιμὴν
1032 2807 1092 2864 τοῦ

68 2909 243 2994 θριάμβου
265 2918 311 2996 τῷ
334 2911 484 2994 περιόντι
507 2906 621 2996 ὑπάτῳ
644 2913 845 2992 προσθεῖναι
863 2903 1092 2991 βουλομένων,

68 3016 237 3100 ἠρνήσατο
261 3016 323 3099 τὴν
346 3014 444 3100 χάριν
466 3013 577 3080 αὑτῶν
597 3015 615 3080 ό
633 3013 770 3107 ὑπατος,
793 3013 870 3078 οὔτε
889 3014 985 3078 ὅσιον
1003 3003 1091 3078 εἶναι
1105 3034 1131 3074 ετ

77 3227 79 3230 ·
142 3208 298 3270 2νίτιαςτ
282 3227 368 3262 τεκα
350 3203 605 3275 αλητταςΑΒοΟ
678 3204 837 3260 ’δούπωο
857 3203 1003 3273 Κασταλίης
1074 3211 1089 3259 9

68 3275 145 3334 έκλει
146 3277 269 3347 φθάσεις
288 3281 332 3332 Ba
407 3285 439 3332 13
465 3278 596 3345 ἀρίστους
613 3277 661 3334 Ba
734 3282 767 3331 16
790 3278 907 3331 Σικιλίω
926 3274 972 3328 Bb
997 3278 1021 3344 Ι
1028 3277 1091 3329 δια-

69 3348 242 3422 φρασαμένῳ
221 3348 367 3418 mAGmg
385 3347 605 3440 διαπραξαμένῳ
624 3349 647 3401 Β
666 3349 787 3414 διαταξα
768 3345 862 3421 αμένῳ
840 3331 902 3404 ωδ
967 3352 1000 3400 Π
1020 3347 1091 3400 ἀνα

12 3427 16 3438 ’
68 3423 218 3476 πάσασθαι
225 3404 260 3475 0
283 3421 341 3474 ἀνα
342 3437 412 3474 σεσω
397 3423 485 3474 σθαι
475 3438 531 3474 ι.ο
551 3419 656 3473 Reiske
681 3422 685 3488 Ι
710 3427 747 3473 τῶ
769 3403 932 3492 Φλαβοληωί
910 3417 1017 3472 ω·Β
1057 3421 1090 3469 19

69 3513 108 3561 ρω
86 3492 200 3562 ωμηςΟ
219 3490 321 3561 τόλμης
339 3508 361 3546 ο
377 3490 523 3559 Kiessling
544 3489 631 3560 ὁρμῆς
650 3507 673 3544 ο
688 3486 861 3595 Grasbergqb
874 3488 1040 3558 Philologus
1055 3494 1090 3542 ‘28
