2656 3974
584 265 753 318 ..Θ-

160 431 332 514 γινόμενοι
360 425 415 493 καὶ
441 424 525 513 ὑπὲρ
553 437 614 494 τοῦ
641 435 758 495 κοινοῦ
785 422 954 512 καθαρμοὶ
981 427 1054 492 τότε
1075 441 1180 512 προσ-
1298 412 1303 425 ’

162 534 332 621 ωφέλουν,
360 531 508 620 διέκρινέ
531 557 566 598 τε
594 536 632 600 τὸ
657 533 767 611 πάθος
790 533 850 617 οὐχ
872 532 1022 616 ἡλικίαν,
1050 531 1091 597 ού
1114 533 1180 617 φύ-

162 659 234 727 σιν,
257 641 298 709 οὐ
321 639 437 725 ῥώμην
460 639 481 724 ἣ
505 638 685 706 ἀσθένειαν
710 640 887 725 σωμάτων,
910 637 951 704 ού
974 635 1094 723 τέχνην
1117 639 1180 704 οὐκ

161 750 243 815 ἀλλο
262 772 294 813 τι
312 757 380 814 τῶν
398 747 592 813 δοκούντων
609 748 780 832 κουφίζειν
798 746 860 831 τὴν
878 747 993 829 νόσον,
1016 743 1101 810 ἀλλά
1120 770 1180 828 γυ-

139 854 257 934 ιναιξί
281 852 308 919 τ’
337 851 487 921 ἐνίπιπτε
510 851 566 918 καὶ
589 853 731 940 ἀνδράσι
753 851 809 919 καὶ
831 863 982 938 γηραιοῖς
1004 849 1060 918 καὶ
1081 853 1181 929 νέοις.

122 962 204 1034 2ού
234 961 301 1046 μὴν
330 963 439 1027 πολὺν
468 957 604 1047 κατέσχε
634 965 773 1047 χρόνον,
803 961 884 1045 ὅπερ
914 965 1021 1024 αἴτιον
1049 956 1179 1042 ἐγένετο

161 1077 222 1134 τοῦ
244 1070 289 1153 μὴ
313 1067 490 1151 σύμπασαν
513 1068 745 1154 διαφθαρῆναι
762 1068 825 1151 τὴν
842 1069 953 1133 πόλιν·
978 1064 1062 1130 ἀλλά
1079 1085 1179 1131 ποτα·
1310 1033 1313 1156 λ

162 1183 227 1259 μοῦ
255 1175 353 1258 δίκην
376 1173 396 1258 ἢ
419 1175 526 1260 πυρὸς
548 1173 659 1261 ἀθρόα
681 1185 751 1253 τοῖς
773 1173 967 1261 ἀνθρώποις
990 1171 1179 1257 ἐμπεσοῦσα

161 1282 223 1364 την
250 1305 285 1346 τε
311 1283 504 1366 προσβολὴν
533 1280 644 1360 ὀξεῖαν
666 1279 721 1347 καὶ
744 1282 806 1366 τὴν
829 1280 1023 1364 ἀπαλλαγὴν
1045 1289 1180 1364 ταχεῖαν
1313 1297 1314 1308 ’

123 1413 149 1452 ιο
163 1389 290 1472 ἐλαβεν.
337 1389 381 1466 ὡς
410 1385 448 1454 δὲ
477 1391 515 1454 τὸ
546 1391 660 1455 δεινὸν
691 1388 878 1473 ἐλώφησεν,
908 1384 958 1454 ἐπ’
990 1385 1093 1472 ἐξόδῳ
1123 1394 1250 1469 τηςιεῡε
1314 1346 1315 1438 λ

163 1493 265 1581 ἀρχῆς
287 1494 335 1559 ὢν
359 1494 376 1560 ὁ
395 1498 557 1579 Πόπλιος,
581 1493 694 1578 ἐπειδὴ
714 1493 775 1561 ούκ
793 1493 934 1560 ἐδύνατο
953 1503 1102 1578 κυρῶσαι
1120 1494 1180 1557 τὸν
1315 1502 1316 1554 λ

162 1602 270 1685 νόμον
299 1599 336 1665 ἐν
366 1609 411 1687 τῷ
442 1603 592 1686 περιόντι
621 1604 732 1689 χρόνῳ
763 1611 829 1666 τῶν
859 1598 1080 1686 ἀρχαιρεσίων
1111 1597 1181 1663 ἐπι-

163 1705 324 1790 στάντων,
347 1703 459 1792 μετῄει
482 1706 584 1772 πάλιν
606 1709 668 1792 την
691 1709 879 1794 δημαρχίαν
902 1708 950 1784 είς
967 1706 1026 1771 τὸν
1045 1703 1181 1770 ἐπιόντα

163 1810 334 1896 ἐνιαυτόν,
362 1814 469 1878 πολλά
496 1811 552 1878 καὶ
579 1813 705 1898 μεγάλα
727 1824 797 1891 τοῖς
820 1815 979 1898 δημόταις
1000 1811 1181 1896 ὑπισχνού·

123 1941 149 1983 ιτ
163 1939 276 2003 μενος·
308 1916 365 1984 καὶ
394 1917 629 1986 ἀποδείκνυται
658 1920 759 1986 πάλιν
790 1921 958 2006 δήμαρχος
983 1916 1039 1984 ὑπ’
1071 1917 1182 1984 αὐτῶν

123 2033 145 2097 3
163 2023 218 2090 καὶ
242 2025 304 2091 δύο
324 2033 392 2091 τῶν
411 2027 656 2111 συναρχόντων.
693 2027 729 2092 οί
745 2023 782 2092 δὲ
800 2029 966 2113 πατρίκιοι
985 2026 1069 2109 πρὸς
1086 2019 1176 2090 τοῦτ’

163 2129 476 2216 ἀντεμηχανήσαντο
513 2135 633 2218 πικρὸν
670 2135 778 2220 ἀνδρα
814 2131 869 2199 καὶ
905 2133 1093 2219 μισόδημον
1125 2127 1182 2195 καὶ

164 2233 270 2319 μηδὲν
289 2236 515 2304 ἐλαττώσοντα
533 2247 591 2323 τῆς
609 2239 860 2326 ἀριστοκρατίας
876 2238 929 2306 ἐπὶ
946 2240 1007 2323 τὴν
1020 2236 1182 2302 ὑπατείαν

163 2353 379 2428 προαγαγεῖν,
391 2341 533 2411 ’Ἁππιον
547 2347 732 2430 Κλαύδιον,
749 2347 827 2412 υίὸν
841 2342 993 2428 Ἀππίου,
1011 2353 1072 2411 τοῦ
1089 2347 1181 2410 πλεῖ-

124 2473 151 2514 ιο
165 2463 226 2513 στα
252 2457 298 2535 τῷ
326 2451 419 2538 δημφ
447 2449 522 2537 περὶ
549 2453 610 2536 τὴν
637 2452 788 2519 κάθοδον
811 2450 1079 2528 ἐναντιωθέντος.
1124 2446 1182 2515 καὶ

163 2553 266 2620 αὐτὸν
289 2557 396 2621 πολλά
420 2555 619 2623 ἀντειπόντα
640 2555 697 2623 καὶ
716 2554 789 2625 οὐδ’
806 2560 855 2636 είς
873 2561 910 2624 τὸ
929 2559 1046 2623 πεδίον
1065 2556 1181 2623 ἐλθεῖν

163 2658 375 2744 βουληθέντα
392 2660 488 2727 ἕνεκα
506 2673 573 2728 τῶν
591 2661 824 2749 ἀρχαιρεσίων,
843 2660 944 2730 οὐδὲν
962 2658 1061 2747 ἧττον
1078 2662 1182 2749 πρού-

163 2767 352 2851 βούλευσάν
374 2791 409 2833 τε
432 2766 487 2833 καὶ
510 2766 706 2854 ἐψηφίσαντ’
734 2769 861 2836 ἀπόντα
882 2771 1019 2836 ὕπατον.

230 2872 413 2938 ΧΧΧΧΙΠ.
447 2873 680 2940 Τελεσθέντων
704 2871 741 2941 δὲ
764 2885 831 2941 τῶν
855 2874 1075 2961 ἀρχαιρεσίων
1097 2875 1252 2940 κατδιεοο

235 3106 306 3155 2=4
328 3101 416 3154 verba
438 3103 490 3156 ούκ
510 3101 577 3156 ἀλλο
600 3122 627 3156 τι
645 3110 700 3156 τῶν
719 3101 880 3158 δοκούντων
899 3102 1044 3170 κουφίζειν
1062 3101 1114 3171 τὴν
1133 3101 1180 3156 νό-

164 3189 213 3227 σον
231 3173 298 3240 post
318 3172 520 3241 προσωφέλουν
539 3172 714 3298 ιτεοεφοευὶῖ
731 3173 848 3242 Reiske,
873 3189 957 3242 quem
975 3172 1121 3255 Kiessling
1138 3173 1189 3228 ita·
1246 3243 1249 3250 ¹

163 3243 304 3312 sequitur,
326 3245 359 3296 ut
382 3243 446 3299 σύτο
470 3243 537 3300 ἀλλο
560 3244 616 3298 scri
636 3246 667 3298 at
691 3260 742 3314 pro
760 3242 863 3315 τέχνην
881 3246 933 3299 aut
950 3243 1038 3314 τύχην
1056 3243 1181 3298 sonben-

163 3314 230 3367 dum
256 3314 306 3366 aut
329 3313 393 3369 ούτε
415 3313 499 3385 τέχνη
522 3315 610 3370 verba
632 3317 699 3386 post
720 3314 924 3386 προσωφέλουν
945 3315 1096 3370 inserenda
1118 3331 1181 3370 εεεο

161 3382 308 3453 Kiessling
325 3387 423 3439 censet
508 3393 524 3442 6
548 3387 581 3441 ού
601 3385 656 3457 μὴν
674 3387 764 3442 πολύν
783 3388 807 3441 Α
826 3389 859 3442 ού
877 3387 966 3442 πολύν
985 3385 1017 3442 δὲ
1035 3383 1059 3439 Β
1146 3391 1181 3442 18

163 3451 356 3510 ἐλαττώσοντα
374 3457 428 3510 ΑΒ
529 3463 561 3511 19
584 3465 774 3527 προσαγαγεῖν
792 3459 819 3512 Α
914 3463 949 3513 20
973 3455 1006 3512 ὃν
1024 3457 1074 3512 καὶ
1092 3457 1181 3512 αὐτὸν

164 3523 267 3578 maluit
284 3523 390 3580 Reiske
462 3532 496 3582 22
515 3528 764 3601 ’προεβούλενσαν
784 3528 807 3584 0
880 3534 914 3584 23
934 3525 1081 3599 ἐψήφισαν
1099 3527 1181 3583 ABG
