2656 3974
441 235 443 240 '
545 211 732 279 --Θ-Ι
1071 225 1137 290 365

121 385 224 469 ραχάς
240 385 507 473 παρειλκυσμένα
526 385 692 472 ἐμπεδοῦν
711 390 789 464 τοὺς
806 386 964 472 ὑπάτους,
986 385 1138 467 καὶτοὺς

121 489 364 577 πφησυμένους
386 495 448 577 τὴν
471 494 637 579 διανομὴν
660 495 785 579 ἄνδρας
808 493 1057 560 ἀποδεικνύναι.

188 598 261 664 LII.
307 598 405 667 Ταῦτ’
440 602 591 678 εἰπόντος
622 602 782 686 Αἰμιλίου
815 602 971 687 δεύτερος
1003 598 1139 686 κληθεὶς

116 701 254 783 ’Ἄππιος
276 707 460 792 Κλαύδιος,
482 707 502 774 ὑ
524 716 570 796 τῷ
592 710 744 792 πρόσθεν
766 707 952 785 ὑπατεύσας
974 710 1055 791 ἐτει,
1077 709 1138 793 την

123 809 277 878 ἐναντίαν
309 814 446 898 γνώμην
479 815 669 898 ἀπεφήνατο
702 814 889 898 διδάσκων,
925 815 970 891 ὡς
1002 810 1082 880 οὔθ’
1117 812 1138 896 η
1167 836 1180 878 5

120 919 228 1003 βουλὴ
259 920 427 1005 διανεῖμαι
453 920 493 985 τά
522 922 664 1005 δημόσια
690 923 886 1007 προαίρεσιν
913 923 1000 1009 ἔσχε·
1036 920 1139 986 πάλαι

123 1025 186 1112 γάρ
216 1023 259 1090 δν
289 1024 461 1111 εἰληφέναι
489 1029 530 1092 τὰ
560 1023 692 1105 δόξαντ’
725 1026 807 1112 αὑτῇ
837 1024 944 1105 τέλος·
987 1024 1061 1094 ἀλλ’
1092 1028 1140 1104 εἰς

123 1133 248 1217 χρόνον
269 1129 326 1197 καί
349 1132 531 1215 διάγνωσιν
556 1130 671 1219 ἑτέραν
693 1131 890 1219 ἀνεβάλετο,
912 1143 1037 1200 παῦσαι
1059 1155 1140 1221 προ-

123 1235 321 1323 θυμουμένη
345 1239 406 1322 τὴν
429 1242 502 1304 τότε
525 1247 756 1323 κατασχοῦσαν
780 1239 914 1323 στάσιν,
940 1238 984 1322 ἣν
1008 1239 1140 1321 εἰσῆγεν

124 1345 143 1411 ὑ
166 1353 205 1430 τῇ
224 1346 399 1431 τυραννίδι
418 1343 592 1431 ἐπιχειρῶν
610 1345 734 1424 ὑπατος
752 1342 808 1410 καί
826 1345 907 1430 μετὰ
924 1353 1027 1410 ταῦτα
1047 1345 1141 1422 δίκας
1155 1368 1180 1408 ιο

124 1453 205 1529 δοὺς
235 1451 350 1528 καλάς·
382 1449 459 1518 οὔθ’
488 1453 524 1519 οί
548 1453 628 1537 μετά
655 1453 693 1517 τὸ
721 1451 957 1537 προβούλευμα
986 1453 1175 1535 λαχόντες2

52 1558 244 1625 1886ύπατυι
257 1556 352 1636 τέλος
364 1569 435 1636 τοῖς
448 1555 689 1644 ἐψηφισμένοις
703 1556 866 1624 ἐπέθεσαν
880 1557 1033 1643 δρῶντες,
1052 1556 1142 1622 όσων

123 1667 344 1732 εἰσελεύσεται
366 1677 478 1732 κακῶν
499 1667 548 1744 είς
568 1666 628 1748 τὴν
646 1668 746 1732 πόλιν
764 1663 848 1751 άρχὴ
868 1661 1141 1730 συνεθισθέντων

124 1774 163 1838 τά
191 1773 289 1839 κοινά
312 1783 379 1838 τῶν
401 1775 552 1856 πενήτων
576 1772 828 1859 διαλαγχάνειν·
855 1771 947 1838 αἵτε
970 1767 1039 1856 μετ’
1060 1769 1142 1835 ἐκεί-

124 1903 206 1957 νους
223 1880 457 1945 πεντεκαίδεκα
474 1880 627 1946 ὑπατεῖαι
644 1884 779 1945 πολλῶν
793 1878 908 1955 αὐταῖς
925 1874 1141 1961 ἐπαχθέντων
1156 1901 1181 1944 15

124 1985 190 2051 ὑπὸ
214 1995 275 2052 τοῦ
299 1987 407 2071 δήμου
430 1987 602 2053 κινδύνων
625 1982 726 2052 οὐδέν
744 1982 939 2069 ὑπέμειναν,
962 1983 980 2048 ὃ
1000 1983 1044 2067 μὴ
1064 1998 1143 2049 συν-

125 2090 223 2178 έφερε
246 2101 292 2181 τῶ
314 2092 462 2180 <κοινῶ>
484 2093 651 2179 πράττειν,
675 2093 732 2158 διδ
754 2094 791 2157 τὸ
810 2088 888 2176 μηδ’
906 2088 1028 2168 ἐξεῖναι
1047 2091 1143 2173 σφίσι

124 2201 207 2264 κατά
239 2200 277 2264 τὸ
309 2200 544 2286 προβούλευμα
573 2201 652 2276 τοὺς
679 2200 870 2283 γεωμόρους
899 2195 1143 2280 ἀποδεικνύειν,

125 2303 211 2371 ἀλλὰ
238 2316 308 2383 τοίς
328 2307 472 2392 πράτοις
494 2304 633 2382 ἐκείνοις
654 2303 799 2381 ὑπάτοις.
846 2299 922 2368 ὥστ’
951 2300 1023 2369 οὐδ’
1050 2303 1178 2387 ὑμίν,3

127 2414 262 2498 ἔφησεν,
285 2407 311 2476 ὦ
336 2409 514 2497 Οὐαλέριε,
536 2409 592 2476 καὶ
615 2413 657 2477 σὺ
680 2413 826 2495 Αἰμίλιε,
848 2418 909 2493 γῆς
932 2407 1145 2493 ἀναδασμοὺς
1158 2436 1184 2476 νο

126 2516 311 2604 εἰσφέρειν,
339 2517 397 2595 υὺς
420 2517 482 2583 οὐκ
505 2515 658 2596 ἐπέταξεν
681 2515 762 2600 ὑμίν
784 2518 821 2582 τὸ
845 2513 1039 2602 συνέδριον,
1067 2516 1143 2580 ούτε

126 2629 235 2700 καλῶς
262 2625 344 2709 ἔχει,
371 2627 549 2709 προγόνων
578 2618 675 2689 οὖσιν
698 2621 853 2707 ἀγαθῶν,
883 2617 954 2688 οὔτ’
980 2619 1143 2706 ἀσφαλῶς.

127 2728 183 2796 καί
212 2728 289 2816 περὶ
316 2726 376 2816 μέν
403 2738 463 2796 τοῦ
491 2730 798 2816 προβουλεύματος,
828 2728 872 2806 ὡς
900 2727 941 2795 ού
968 2732 1143 2813 κρατεῖσθε

128 2834 184 2902 ὑπ’
208 2836 312 2903 αὑτοῦ
335 2837 371 2902 οἰ
390 2837 561 2912 τοσούτοις
578 2835 720 2920 ὑστερον
738 2835 982 2912 ὑπατεύσαντες
1000 2836 1144 2920 χρόνοις,

204 3072 217 3118 1
237 3063 373 3135 ὑπάτους]
393 3061 443 3119 ὑπ’
464 3064 566 3128 υύτοὺς
583 3062 631 3118 Ba
685 3070 700 3118 6
720 3060 841 3132 δημόσια
859 3061 1011 3152 πράγματα
1025 3060 1048 3116 Ο
1063 3077 1145 3130 prae-

128 3134 215 3190 terB
300 3142 314 3190 7
340 3136 463 3201 δόξαντα
481 3135 529 3188 Bb
554 3142 598 3203 ιε
585 3133 625 3198 είς
643 3131 744 3204 χρόνον
764 3132 859 3205 ἕτερον
878 3133 928 3188 καί
946 3130 1098 3203 διάγνωσιν
1121 3149 1146 3188 ο.

130 3205 292 3276 Stephanus
365 3213 380 3260 9
400 3204 478 3276 είσή
479 3227 515 3276 αγ
517 3225 548 3262 εν
567 3223 590 3263 ο
609 3208 712 3260 Garrer
730 3205 795 3261 Obs.
812 3223 839 3273 p.
854 3210 889 3260 56
963 3211 995 3258 11
1015 3204 1147 3332 λαχόντες

131 3224 201 3332 Oet
219 3277 322 3332 Reiske
346 3277 479 3350 λαβόντες
496 3277 522 3331 Β
545 3278 678 3352 λαβόντες
696 3273 834 3332 ὑπατείαν
857 3293 881 3331 ο.
901 3274 1022 3366 Sylburg

132 3345 188 3436 <αί
191 3348 211 3421 >
230 3348 277 3402 Bb
351 3353 384 3402 15
409 3350 504 3412 αὑτοῖς
521 3349 573 3402 ΑΒ
646 3353 679 3402 16
699 3346 868 3438 συνεφέρετο
887 3365 908 3402 π
927 3345 1019 3402 άττειν
1037 3345 1063 3399 Α
1081 3281 1147 3401 σύν-

132 3417 218 3489 έφερε
236 3425 275 3492 τῷ
293 3419 464 3489 πράττεινΒ
484 3437 506 3474 σ.
521 3425 559 3492 τῷ
578 3425 663 3492 κοινῷ
682 3418 815 3489 πράττειν
829 3418 932 3474 Κὶεεε
1030 3423 1062 3472 18
1081 3417 1148 3480 τούς

131 3509 161 3545 τε
180 3475 301 3561 ὑμόρόυς
320 3491 521 3546 ἀποδείκνυσιν
539 3475 590 3546 ‘Ac
655 3497 703 3546 22
709 3489 783 3560 ἔχειν
801 3491 827 3544 Α
