2586 3972
513 231 680 283 -Θ-
1037 230 1102 294 287

87 389 175 471 γογολ
199 387 385 455 καὶπολλὰ
408 389 528 473 μεταξὺ
552 402 618 455 τῶν
642 394 754 473 λόγων
773 390 945 477 ἐκχέοντος
964 392 1103 477 δάκρυα,

86 500 237 580 λοχαγῶν
260 520 295 560 τε
318 494 374 561 καὶ
396 495 581 583 ταξιάρχων
604 495 659 562 καὶ
677 508 745 562 τῶν
763 499 874 562 ἄλλων
894 511 1104 579 στρατιωτῶν

87 600 236 686 ἕκαστον,
259 596 285 690 ᾧ
310 599 449 689 συνῄδει
471 626 504 666 τι
526 605 680 689 λαμπρὸν
702 606 801 689 ἔργον
825 603 861 669 ἐν
885 605 1004 690 μάχαις
1023 604 1102 671 ἀπο-

87 706 283 797 δειξαμένῳ,
310 706 382 775 κατ’
411 712 517 794 ὄνομα
544 709 807 790 ἀνακαλοῦντος,
833 709 888 776 καὶ
916 713 1023 776 πολλοὶ
1047 710 1103 777 καὶ

87 815 211 897 μεγάλα
234 826 303 892 τοῖς
325 815 538 900 ἀριστεύσασι
561 817 642 882 κατὰ
665 818 726 900 τήν
749 817 858 902 μάχην
876 819 1102 902 φιλάνθρωπα
1130 843 1143 882 ⁵

87 921 207 995 δώσειν
229 920 498 1008 ὑπισχνουμένου
520 925 603 1007 πρὸς
625 925 662 988 τὸ
685 933 752 988 τῶν
775 923 926 1010 πράξεων
949 923 1102 1008 μέγεθος,

87 1028 180 1112 τιμάς
208 1051 242 1092 τε
269 1026 325 1093 καὶ
351 1029 518 1106 πλούτους
539 1027 594 1094 καί
618 1030 675 1105 τὰς
698 1031 800 1106 άλλας
821 1033 995 1114 βοηθείας,
1024 1031 1102 1097 ἀνα-

87 1136 219 1218 βοήσεις
246 1134 279 1213 ἐξ
307 1133 461 1200 ἁπάντων
485 1135 636 1220 ἐγίνοντο
660 1142 801 1222 θαρρεῖν
825 1160 859 1201 τε
882 1143 1102 1224 παρακελευο-

87 1239 196 1324 μένων
219 1239 276 1305 καὶ
298 1243 392 1324 άγειν
416 1240 469 1307 ἐπὶ
491 1244 551 1308 τὸν
574 1241 687 1326 ἀγῶνα
707 1242 898 1321 ἀξιούντων.
934 1242 1047 1328 ἐπειδὴ
1067 1242 1138 1315 ὑ’2

88 1345 269 1430 ἐπαύσατο,
299 1347 497 1435 προέρχεταί
525 1373 575 1425 τις
607 1349 643 1414 ἐκ
673 1359 746 1414 τοῦ·
762 1351 930 1431 πλήθους,
962 1351 1102 1433 Μάρκος
1117 1375 1143 1413 10

89 1455 299 1538 Φλαβολήιος
317 1456 434 1539 ὄνομα,
454 1454 539 1540 ἀνὴρ
559 1457 735 1540 δημοτικὸς
753 1451 814 1539 μὲν
832 1453 887 1520 καὶ
906 1455 1102 1540 αὐτουργός,

88 1560 128 1625 οὑ
146 1561 213 1644 μήν
232 1571 299 1626 τῶν
317 1559 571 1648 ἀπερριμμένων
589 1585 650 1645 τις,
668 1561 752 1627 ἀλλὰ
769 1572 837 1627 τῶν
852 1561 1102 1646 ἐπαινουμένων

88 1664 130 1730 δι’
149 1666 271 1751 ἀρετήν
289 1666 343 1733 καὶ
362 1669 402 1733 τά
419 1668 560 1753 πολέμια
578 1670 725 1753 ἄλκιμος,
744 1667 800 1734 καὶ
818 1666 863 1734 δι’
881 1670 980 1754 άμφοι
1000 1680 1102 1735 ταῦτα

88 1770 161 1849 ἑνὸς
181 1784 249 1838 τῶν
266 1775 439 1859 ταγμάτων
458 1785 496 1860 τῇ
516 1775 727 1861 λαμπροτάτῃ
746 1774 829 1861 ἀρχή
848 1775 1102 1860 κεκοσμημένος,

31 1872 108 1964 ιῖειῇ
134 1880 192 1956 τὺς
220 1877 377 1964 ἑξήκοντα
405 1878 656 1967 ἑκατονταρχίας
683 1882 826 1948 ἕπεσθαί
849 1905 883 1947 τε
911 1879 967 1946 καὶ
989 1884 1026 1947 τὸ
1050 1905 1102 1947 κε-
1116 1906 1141 1945 15

88 1989 269 2071 λευύμενον
291 1988 467 2074 ὑπηρετεῖν
489 1991 616 2054 κελεύει
639 1989 701 2073 <ὑ>
724 1992 833 2073 νόμος.
870 1989 1009 2064 τούτους
1026 1985 1102 2052 Ῥω-

87 2103 178 2175 μαῖοι
207 2096 285 2170 τοὺς
313 2095 478 2179 ἡγεμόνας
506 2103 545 2180 τη
572 2099 698 2184 πατρίῳ
727 2096 854 2180 γλύττη
881 2098 1102 2180 πριμοπίλους

87 2205 256 2265 καλοῦσιν.
289 2196 387 2278 οὗτος
400 2202 419 2268 ὁ
434 2199 519 2286 ἀνήρ
529 2239 571 2248 -
586 2197 629 2285 ἦν
644 2197 682 2267 ὑὲ
695 2203 778 2287 πρὸς
793 2212 861 2277 τοῖς
875 2202 989 2277 ἄλλοις
1002 2199 1103 2284 μέγας
1117 2209 1137 2272 3

88 2329 120 2370 τε
143 2304 199 2370 καλ
221 2308 322 2383 καλὸς
346 2309 431 2372 ίὺεῖν
448 2345 486 2354 -
509 2307 598 2392 στάς,
621 2308 704 2373 ὅθεν
727 2308 849 2373 ἅπασιν
873 2309 1010 2390 ἔμελλεν
1033 2311 1102 2372 ἕσε·

89 2419 169 2477 σθαι
192 2416 353 2500 φανερός,
376 2410 466 2478 Ἐπεὶ
489 2411 593 2498 τοῦτ’,
620 2417 760 2498 ἔφησεν,
783 2408 809 2476 ὦ
832 2413 969 2496 ὑπατοι,
993 2415 1101 2480 ὑεὺοί-
1116 2439 1142 2477 ιο

88 2543 176 2602 κατε,
197 2521 242 2603 μή
265 2520 305 2583 τὰ
328 2521 408 2604 ἔργα
430 2520 525 2603 ήμῶν
544 2519 604 2603 οὐχ
624 2520 723 2604 ὅμοια
741 2517 874 2603 γίνηται
892 2530 962 2596 τοῖς
980 2523 1102 2603 λόγοις,

81 2625 151 2708 Ιἐγὼ
179 2636 309 2712 πρῶτος
335 2625 417 2709 ὑμῖν
443 2621 528 2711 ὑπὲρ
556 2625 700 2709 ἐμαυτοῦ
722 2628 759 2691 τὸ
782 2623 919 2710 βέβαιον
942 2635 999 2709 τής
1020 2626 1102 2690 ὑπο·

89 2731 231 2818 σχέσεως
253 2731 290 2797 ἐκ
311 2740 368 2816 τῆς
391 2737 545 2816 μεγίστης
562 2735 703 2808 πίστεως
719 2730 912 2816 παρέξομαι·
936 2729 991 2797 καλ
1008 2731 1102 2816 ὑμεῖς

89 2837 134 2922 δ’,
163 2833 345 2924 ὦιπολῖται
368 2862 402 2904 τε
425 2835 560 2922 καὶτῆς
583 2829 684 2921 αὐτῆς
706 2837 864 2905 κοινιονολ
886 2839 1001 2923 τύχης,
1028 2838 1102 2902 ὅσοι
1141 2847 1143 2852 ’

159 3002 175 3048 3
195 2990 227 3049 ἐν
247 3011 300 3050 om.
318 2995 342 3048 B
358 3000 362 3062 Ι
379 2993 609 3066 ἀποδειξαμένων
629 2996 652 3048 Α
731 3001 746 3049 5
771 2995 819 3049 καλ
838 2997 902 3048 σοῖο
922 2995 1028 3064 μεγάλα
1047 3011 1100 3047 om.

87 3068 133 3120 Βο
151 3065 216 3121 add.
236 3066 283 3120 Bb
373 3066 575 3136 6μὲγεθος..
595 3066 717 3136 τιμὰςΒ
810 3066 1012 3138 Ἰάναβοήσεις
1030 3064 1101 3119 τεΒ

88 3136 205 3212 9<ἃ>ὲ
224 3137 271 3190 Bb
359 3143 392 3191 10
413 3138 598 3208 προσέρχεται
615 3139 669 3190 ΑΒ
756 3144 788 3192 11
815 3135 987 3210 Φλαβολήιος
1006 3135 1101 3197 ὑλοςό

87 3208 160 3279 ἀνὴρ
180 3209 245 3277 σήμ.
263 3207 290 3261 Α
310 3211 356 3262 Φλ.
376 3207 466 3278 ὄνομα
485 3209 633 3278 δημοτικὸς
653 3211 674 3262 Β
756 3215 787 3262 13
811 3206 851 3262 δι’
873 3210 902 3262 et
923 3215 955 3262 14
973 3215 1028 3260 τῶν
1048 3225 1101 3260 om.

86 3282 132 3334 Ba
208 3285 241 3333 16
260 3277 275 3332 ὁ
294 3281 360 3333 ante
378 3281 463 3349 νόμος
483 3281 547 3335 add.
567 3279 710 3350 Kiessling
732 3286 735 3348 Ι
758 3279 873 3342 τούτους
887 3277 1018 3348 Ῥωμαῖοι
1036 3277 1100 3338 add.

87 3351 189 3418 Bbmg
263 3355 295 3404 17
313 3353 534 3420 πριμιπίλουςο.
550 3351 639 3420 Cobet
658 3351 724 3407 Obs.
739 3369 766 3420 p.
784 3357 834 3405 174
902 3357 936 3403 ἓν
956 3345 1002 3403 ἐπὶ
1020 3357 1102 3403 τοῦτο

87 3424 112 3475 Α
135 3418 183 3476 ἐπὶ
206 3420 336 3492 τούτῳΒ
359 3438 428 3476 corr.
449 3422 572 3476 Sintenis
596 3423 655 3477 Em.
679 3424 759 3478 Dion.
779 3420 819 3474 111
838 3427 871 3476 27
897 3421 967 3474 duce
987 3419 1101 3475 Reiskio

89 3500 122 3547 24
142 3491 203 3548 ὅσοι
221 3491 257 3560 δή
278 3488 416 3561 ἐγνώκατε
435 3509 458 3548 ο.
473 3492 576 3546 Reiske
