2656 3974
179 209 247 276 322
604 237 639 249 -
676 207 773 260 Θ·-

144 374 246 450 9θός
266 395 302 438 τε
324 368 381 438 καὶ
404 369 524 456 ἀρετὴν
547 381 615 437 τῶν
637 367 863 453 ἀπολομένων.
904 366 987 435 ὥσθ’
1013 370 1031 435 ὑ
1054 365 1116 453 μὲν
1139 371 1202 454 δῆ-

181 504 242 565 μος
261 476 339 544 οὔθ’
358 475 523 563 ἑορτάζειν
541 476 587 554 ὡς
603 478 707 542 καλὸν
725 475 839 559 ἀγῶνα
856 476 1073 562 κατορθώσας
1090 474 1201 560 ἠξίου,

181 587 259 652 οὑτε
286 591 426 651 πενθεῖν
453 583 498 661 ὡς
525 580 579 649 ἐπὶ
606 583 732 669 μεγάλη
755 580 811 649 καὶ
833 579 1003 671 ἀνηκέστῳ
1027 591 1200 670 συμφορᾷ·

177 692 200 776 ἡ
224 689 261 758 δὲ
285 692 391 776 βουλὴ
414 701 485 768 τοῖς
507 686 568 775 μὲν
590 696 685 768 θεοῖς
705 689 764 767 τὰς
785 689 987 772 ἀναγκαίους
1009 686 1200 773 ἐψηφίσατο

151 802 318 882 τθυσίας,
347 797 409 880 τὴν
437 793 469 860 δ’
496 794 662 862 ἐπινίκιον
687 803 748 861 τοὺ
776 794 948 881 θριάμβου
974 797 1110 880 πομπὴν
1134 795 1280 862 οὑκ1817

179 903 335 989 ἐπέτρεψε
358 905 564 987 ποιήσασθαι
585 913 655 979 τοῖς
676 901 823 978 ὑπάτοις.
859 897 928 985 μετ’
951 901 993 967 οὑ
1014 903 1140 980 πολλὰς
1160 901 1194 968 δ’

177 1010 302 1096 ἡμέρας
331 1010 454 1096 ἀγορᾶς
483 1008 635 1092 έπλησθη
664 1010 878 1092 παντοδαπῆς
903 1006 925 1091 ἡ
952 1010 1049 1086 πόλις
1069 1021 1138 1078 τῶν
1159 1033 1199 1076 τε

178 1119 322 1205 δημοσίᾳ
344 1112 567 1202 πεμφθέντων
589 1113 646 1180 καί
669 1126 736 1181 τῶν
759 1116 931 1181 εἰωθότων
950 1113 1199 1200 ἐμπορεύεσθαι

177 1227 287 1292 πολὺν
313 1225 559 1306 εἰσαγαγόντων
582 1232 692 1305 σῖτον,
719 1219 794 1287 ὥστ’
823 1220 860 1286 έν
882 1229 922 1306 τῇ
944 1220 1090 1310 προτέρᾳ
1111 1224 1198 1290 πάν-

136 1356 164 1396 ιο
177 1355 236 1409 τας
258 1330 411 1417 εὐετηρία
433 1327 599 1413 γενέσθαι.

245 1435 383 1502 XXVII.
407 1432 679 1501 Καταλυθέντων
697 1429 735 1500 δέ
752 1445 820 1500 τῶν
833 1435 1026 1521 ὑπαιθρίων
1039 1435 1198 1523 πολέμων

175 1543 198 1627 ἡ
221 1545 372 1628 πολιτικὴ
396 1543 510 1619 στάσις
532 1537 635 1620 αὑθις
656 1540 826 1609 ἀνεκαίετο
850 1552 918 1607 τῶν
936 1542 1114 1630 δημάρχων
1132 1546 1198 1609 πά*

176 1655 232 1714 λιν
254 1651 484 1734 ταραττόντων
506 1650 543 1715 τὸ
561 1654 704 1732 πλῆθος,
726 1645 781 1713 καί
800 1649 840 1712 τά
859 1645 920 1733 μέν
939 1651 1023 1715 ἄλλα
1041 1653 1197 1716 πολιτεύ-

176 1779 262 1841 ματα
287 1753 504 1821 διεσκέδασαν
526 1753 638 1820 αὑτῶν
661 1754 926 1840 ἀντιταττόμενοι
948 1757 1032 1841 πρὸς
1055 1756 1198 1824 ἕκαστον

134 1887 162 1928 15
176 1864 212 1931 οί
231 1865 409 1948 πατρίκιοι,
431 1863 493 1946 την
517 1858 554 1926 δέ
575 1863 657 1927 κατὰ
675 1865 851 1946 Μενηνίου
875 1862 972 1946 δίκην
994 1873 1055 1930 τοῦ
1074 1863 1196 1930 νεωστὶ
1318 1919 1319 1951 ÷

175 1971 422 2046 ὑπατεύσαντος
444 1971 552 2034 καίτοι
574 1970 681 2034 πολλά
703 1967 1014 2054 πραγματευθέντες
1031 1969 1195 2038 ἀδύνατοι

138 2076 331 2161 2ἑγέυοντο
363 2077 532 2143 διαλῦσαι·
563 2072 635 2141 ἀλλ’
665 2073 829 2160 ὑπαχθείς
856 2076 874 2142 ὑ
902 2075 987 2162 ἀνὴρ
1016 2078 1066 2154 είς
1095 2078 1196 2162 δίκην
1317 2101 1318 2146 3

174 2183 241 2247 ὑπὸ
272 2184 367 2248 δυεῖν
397 2182 576 2267 δημάρχων
603 2185 751 2248 Κοίντου
779 2184 973 2248 Κωνσιδίου
1004 2180 1058 2247 καὶ
1091 2187 1195 2250 Τίτου
1317 2147 1318 2213 δ

175 2291 351 2373 Γενυκίου,
373 2287 429 2354 καὶ
452 2291 554 2372 λόγον
577 2287 818 2373 ἀπαιτούμενος
839 2297 898 2372 τῆς
915 2293 1113 2374 στρατηγίας
1131 2302 1195 2358 τοῦ
1316 2357 1317 2390 ¹

132 2419 162 2460 εο
175 2393 321 2477 πολέμου
348 2394 443 2472 τέλος
470 2393 539 2461 οὔτ’
567 2391 702 2480 εὐτυχές
729 2392 799 2462 οὔτ’
827 2391 988 2480 εὐπρεπές
1012 2398 1194 2482 λαβούσης,

173 2501 316 2586 μάλιστα
339 2499 377 2568 δὲ
400 2503 661 2587 διαβαλλόμενος
684 2501 739 2568 έπλ
760 2511 806 2591 τῷ
826 2505 966 2587 Φαβίων
985 2501 1116 2592 ὀλέθρῳ
1136 2503 1195 2570 καὶ
1315 2573 1316 2586 ¹

172 2618 212 2694 τῇ
236 2607 408 2694 Κρεμέρας
430 2607 562 2693 ἁλύσει,
587 2609 778 2688 δικάζοντος
799 2619 860 2675 τοὺ
884 2610 1065 2694 δημοτικοῦ
1088 2611 1193 2694 ὄχλου

172 2715 254 2780 κατά
281 2715 405 2800 φυλάς,
433 2714 474 2781 οὐ
497 2711 573 2801 παρ’
601 2716 715 2799 ὀλίγας
736 2719 871 2800 ψήφους
894 2710 1021 2800 ὦφλεν,
1046 2717 1121 2794 υίὸς
1143 2717 1268 2784 &vlam
1314 2789 1315 2808 ἶ

169 2818 331 2906 Ἀγρίππα
358 2823 534 2904 Μενηνίου
564 2831 625 2888 τοὺ
654 2824 899 2907 καταγαγόντος
928 2820 966 2887 έκ
994 2831 1052 2906 τῆς
1081 2833 1194 2908 φυγῆς
1314 2809 1315 2824 ³

129 2951 158 2993 τι
172 2931 231 2995 τὸν
254 2929 363 3013 δῆμον
385 2925 440 2992 καὶ
463 2927 700 3007 διαλλάξαντος
722 2931 806 3013 πρὸς
826 2931 906 3006 τοὺς
922 2932 1127 3014 πατρικίους,
1150 2930 1193 2996 ὃν

172 3035 387 3101 ἀποθανόντα
409 3033 430 3117 ἡ
454 3035 559 3118 βουλὴ
583 3033 621 3100 έκ
638 3045 706 3100 τῶν
724 3037 895 3120 δημοσίων
913 3035 1090 3119 χρημάτων
1108 3040 1192 3122 λαμ-
1311 3071 1314 3262 1

245 3197 258 3245 1
278 3191 330 3261 τὴν
348 3191 452 3262 ἀρετὴν
470 3191 522 3246 ΑΟ
578 3198 594 3247 6
612 3197 672 3254 τοῖς
688 3191 807 3255 ὑπάτοις
824 3191 850 3244 Α
870 3192 1002 3255 αὑτοῖςΒ
1058 3200 1074 3247 9
1093 3193 1192 3249 πάντα

170 3280 195 3318 ο.
215 3262 337 3332 Sylburg
410 3268 444 3317 16
462 3263 653 3336 Μενηνί<ου>
671 3263 694 3316 Β
768 3268 802 3316 18
820 3264 876 3319 ὑπὸ
894 3272 950 3319 τῶν
969 3266 1049 3320 δυεῖν
1068 3263 1192 3335 Ομταο-

170 3338 215 3388 ter
233 3333 255 3386 Β
277 3335 281 3402 Ι
303 3335 426 3388 Κοίντου
444 3333 494 3388 καλ
512 3336 673 3389 Κοιντιλίου
692 3333 743 3390 Ac
761 3336 884 3390 Κοίντου
902 3337 1058 3398 Κοιντίνου,
1074 3335 1096 3388 Β
1117 3353 1190 3392 corr.

171 3403 303 3473 Sigonius
394 3409 427 3460 19
453 3405 497 3460 vel
515 3412 564 3473 τῆς
580 3404 704 3476 πολέμου
723 3406 770 3461 vel
788 3425 813 3462 v.
828 3412 863 3462 20
881 3406 1016 3479 λαβόντος
1034 3407 1190 3478 legendum

169 3490 233 3528 esse
252 3491 276 3528 ο.
290 3474 393 3528 Reiske
465 3481 500 3530 23
519 3477 639 3544 ὤφειλεν
657 3477 708 3533 Ac
