2660 3976
566 225 766 285 ,4-

174 423 237 484 μης
264 397 450 481 ἀποστῆναί
475 413 511 462 σε
540 395 619 474 άξιῶ
647 405 707 462 τοῦ
734 391 898 480 πολέμου,
928 397 1086 461 πείσαντα
1114 397 1197 473 τοὺς

176 505 410 582 Οὐολούσκους
437 503 610 590 μετριάσαι
640 499 717 587 περὶ
743 503 802 579 τάς
829 503 1009 585 διαλλαγάς
1035 499 1092 567 καί
1119 522 1197 568 ποι·
1313 509 1314 512 ’

174 615 321 697 ήσασθαι
349 612 410 694 τὴν
439 611 577 693 εἰρήνην
609 605 809 694 ἀμφοτέροις
839 618 909 685 τοῖς
926 609 1057 674 Ιἔθνεσι
1088 609 1199 692 καλὴν
1313 645 1315 704 3

175 716 231 784 καλ
253 715 456 803 πρέπουσαν.
501 710 657 803 τοῦτοδὲ
675 710 795 796 γένοιτ’
819 715 874 798 άν,
897 716 929 779 εί
945 724 1010 781 νῦν
1029 711 1091 800 μὲν
1114 713 1198 780 άνα-

149 827 298 908 εστήσας
334 823 395 907 τὴν
428 821 584 907 στρατιάν
617 819 800 904 ἀπαγάγοις
835 819 1025 899 ἐνιαυσίους
1055 822 1198 907 ποιησά-

175 953 275 1015 μενος
297 927 435 1012 άνοχάς,
462 925 499 992 έν
522 922 560 992 δὲ
582 935 628 1015 τῷ
650 926 770 1012 μεταξὺ
798 931 910 1016 χρόνῳ
937 925 1092 1015 πρέσβεις
1114 927 1199 996 άπο-

176 1033 323 1101 στέλλων
349 1057 385 1100 τε
410 1031 466 1099 καί
490 1035 669 1119 δεχόμενος
691 1033 802 1118 ἀληθῆ
825 1037 943 1119 φιλίαν
965 1035 1122 1120 πράττοις
1139 1033 1198 1101 καὶ

143 1141 359 1225 3διαλλαγάς
385 1143 529 1225 βεβαίας.
575 1138 632 1206 καὶ
658 1134 696 1205 εὖ
725 1145 811 1205 ίσθι·
842 1137 997 1226 Ῥωμαῖοι
1025 1139 1105 1227 μέν,
1132 1141 1199 1207 ὅσα

177 1252 257 1333 μήτε
280 1249 317 1313 τὸ
342 1246 509 1312 ἀδύνατον
533 1242 607 1330 μήτ’
635 1247 718 1331 άλλη
749 1269 798 1323 τις
820 1243 937 1324 ἀδοξία
959 1253 1198 1333 προσπεσοῦσα

138 1377 164 1416 ιο
177 1356 331 1438 κωλύσει,
353 1353 461 1420 πάντα
484 1353 690 1436 ὑπομενοῦσι
712 1352 868 1439 πράττειν
892 1356 981 1443 λόγῳ
1008 1351 1065 1420 καλ
1090 1375 1200 1441 παρα-

176 1464 290 1544 κλήσει
313 1463 525 1545 πειθόμενοι,
552 1458 813 1544 άναγκαζόμενοι
842 1457 891 1544 δ’,
919 1461 1029 1546 ὥσπερ
1059 1463 1101 1527 σὺ
1130 1472 1202 1528 νῦν

178 1567 292 1650 άξιοῑς,
315 1562 420 1632 οὐθὲν
443 1565 485 1631 δν
508 1565 640 1632 πώποτε
662 1569 856 1653 χαρίσαιντο
879 1567 960 1651 ὑμῖν
981 1568 1059 1634 οὔτε
1082 1571 1201 1653 μεῖζον

178 1669 247 1739 οὔτ’
279 1676 431 1757 ἔλαττον,
461 1672 505 1750 άις
535 1670 567 1752 ἐξ
598 1674 711 1738 άλλων
740 1695 774 1738 τε
809 1677 943 1738 πολλῶν
975 1673 1117 1760 πάρεστί
1142 1691 1202 1742 σοι

177 1785 383 1864 καταμαθεῖν
405 1776 461 1845 καὶ
484 1780 524 1844 τά
545 1784 717 1844 τελευταία
741 1778 773 1858 ἐξ
798 1772 847 1844 ὧν
870 1782 1029 1857 Λατίνοις
1051 1782 1201 1867 συνεχώ-

66 1895 69 1901 ’
139 1906 164 1948 1⁵
179 1903 285 1982 ρησαν
304 1885 486 1951 άποστάσιν
505 1885 570 1952 ἀπὸ
588 1896 655 1952 τῶν
674 1886 800 1951 ὅπλων·
824 1884 1033 1952 Οὐολοῦσκοι
1053 1883 1090 1951 δέ
1109 1890 1200 1953 πολὺ

178 1996 215 2060 τὸ
239 1994 387 2070 αὔθαδες
409 1995 555 2078 ἔχουσιν,
579 1992 597 2058 δ
621 1995 797 2078 συμβαίνει
819 2002 889 2070 τοῖς
909 1994 1035 2078 μεγάλα
1058 1992 1267 2080 εύτυχή-ιοιε

96 2165 98 2170 .
142 2103 286 2167 4σασιν.
332 2098 390 2164 ἐάν
419 2095 500 2184 <δὲ>
520 2099 684 2185 ’διδάσκης
713 2099 850 2184 αύτούς,
877 2101 929 2166 ὅτι
955 2109 1044 2166 πᾶσα
1067 2096 1130 2185 μὲν
1153 2103 1201 2166 ελ-

179 2207 263 2290 ρήνη
282 2208 406 2282 παντός
421 2204 490 2271 ἐστι
503 2204 651 2291 πολέμου
666 2209 835 2292 κρείττων,
854 2209 1018 2293 σύμβασις
1032 2202 1069 2272 δὲ
1087 2210 1201 2291 φίλων

178 2312 260 2376 κατά
283 2313 343 2377 τὸν
367 2309 521 2378 ἑκούσιον
545 2312 704 2398 γινομένη
727 2316 852 2399 τρόπον
875 2325 943 2380 τῶν
965 2310 1022 2379 ὑπ’
1052 2312 1202 2399 ἀνάγκης
1302 2306 1307 2317 '

140 2439 166 2478 εο
180 2415 467 2503 συγχωρηθέντων
496 2417 708 2505 βεβαιοτέρα,
734 2418 790 2486 καὶ
818 2420 869 2486 δτι
893 2422 1079 2506 σωφρόνων
1108 2417 1201 2486 ἐστὶν

179 2523 381 2610 ἀνθρώπων,
404 2525 485 2590 ὅταν
504 2521 565 2609 μέν
584 2521 623 2592 εὖ
646 2527 802 2609 πράττειν
821 2529 957 2611 δοκῶσι,
980 2527 1201 2611 ταμιεύεσθαι

178 2632 236 2708 τάς
258 2632 374 2716 τύχας,
402 2631 482 2698 ὅταν
511 2629 541 2696 δ’
569 2633 617 2709 είς
644 2634 801 2710 ταπεινάς
828 2631 884 2700 καλ
907 2633 1037 2717 φαύλας
1059 2635 1200 2718 ἔλθωσι,

179 2734 288 2823 μηθὲν
321 2736 501 2822 ὑπομένειν
532 2737 682 2822 ἀγεννές·
716 2737 771 2804 καλ
801 2732 922 2822 τάλλα,
951 2738 1013 2804 ὅσα
1043 2740 1090 2816 είς
1119 2739 1200 2822 ἡμε-

180 2847 300 2929 ρότητα
332 2841 387 2909 καὶ
422 2843 599 2910 ἐπιείκειαν
636 2844 790 2930 ἐπαγωγά
822 2846 1030 2930 παιδεύματα
1062 2844 1200 2931 εύρηται

252 3079 266 3125 1
287 3073 352 3142 post
370 3073 508 3126 πείσαντα
526 3090 626 3127 rasura
643 3073 729 3127 λείου]
747 3073 794 3128 vel
812 3075 948 3142 quattuor
965 3073 1023 3128 litt.
1043 3073 1066 3126 B
1095 3078 1099 3140 Ι
1130 3075 1202 3141 post

179 3145 244 3206 τούς
263 3160 320 3197 una
337 3142 435 3196 littera
454 3159 536 3198 erasa
608 3139 676 3200 δέν
694 3149 732 3216 τῷ
752 3145 856 3214 μεταξύ
874 3145 963 3218 τούτῳ
982 3143 1116 3214 χρόνωΑ
1182 3151 1200 3198 9

180 3223 378 3284 προσπεσοῦσα
393 3213 443 3268 Ac
461 3223 605 3284 προσοῦσα
625 3215 647 3268 Β
720 3221 754 3269 15
776 3217 964 3278 Οὐολούσκοις
978 3219 1004 3268 Α
1027 3202 1200 3270 Οδολούσκοι

181 3284 212 3338 δὲ
232 3293 284 3338 νῦν
303 3285 355 3355 μὲν
373 3286 445 3339 πολύ
464 3304 486 3340 ο.
506 3286 610 3340 Reiske
684 3293 717 3341 17
737 3286 768 3341 δὲ
789 3287 853 3342 εδδ.
870 3287 1004 3356 Sylburg;
1027 3288 1200 3342 Οὐολοῦσκοι
1218 3325 1225 3334 .

182 3354 214 3408 δὲ
233 3357 304 3409 πολύ
330 3356 362 3410 τὸ
385 3356 514 3420 αύθαδες
533 3355 656 3428 ἔχοντες,
684 3353 735 3413 έδιν
761 3358 897 3430 διδάσκῃς
916 3358 1021 3420 αύτούς
1040 3391 1073 3401 -
1091 3357 1200 3428 ὑποβή-

182 3443 279 3480 σονται
298 3443 321 3482 ο,
340 3425 484 3496 Kiessling
566 3435 599 3482 19
619 3427 755 3499 γενομένη
775 3446 798 3484 ο.
812 3429 957 3499 Kiessling
1041 3437 1074 3486 22
1093 3427 1132 3490 είς·
1146 3447 1200 3482 τα-

176 3496 268 3594 ,περνδι
286 3497 335 3551 καλ
354 3501 449 3566 φαῦλα
469 3516 492 3554 ο.
511 3499 655 3570 Kiessling
673 3500 800 3569 φαύλους
818 3502 843 3554 A
