2656 3974
560 239 727 292 -Θ-
1085 235 1149 304 377

135 403 346 468 διελθουσῶν
375 400 524 490 ἡμερῶν,
551 400 591 478 ἃς
613 387 806 466 ἐσπείσαντο
829 409 935 486 ταφῆς
956 424 991 466 τε
1014 411 1081 466 τῶν
1103 403 1152 467 οί-

134 512 233 574 κείων
260 519 389 594 νεκρῶν
416 506 472 574 καλ
500 511 680 594 θεραπείας
711 518 778 573 τῶν
806 509 1016 592 κεκμηκότων
1044 506 1153 594 ἕνεκα,

134 612 438 701 παρεσκευασμένοι
461 615 502 680 τὰ
525 615 572 692 είς
594 617 653 680 τὸν
676 619 823 698 πόλεμον
846 612 1056 698 ἐλλείποντα,
1086 612 1153 680 ἐτέ-

135 744 197 807 ραν
235 722 444 806 ἠγωνίσαντο
481 721 590 808 μάχην
626 720 702 806 περὶ
738 729 783 810 τῷ
817 716 987 805 Ῥωμαίων
1023 721 1152 806 χάρακι.

133 829 386 914 προσελθούσης
413 830 477 914 γάρ
505 829 606 912 ἀλλης
633 827 806 913 δυνάμεως
833 839 902 906 τοῖς
927 813 1194 928 Οὐολούσκοιςῖὃ

47 935 53 942 '
134 957 168 1001 τε
195 933 251 1000 καὶ
274 938 434 1013 Αἰκανοῖς
456 933 494 1001 έκ
516 945 583 1001 τῶν
606 932 700 1020 πέριξ
723 937 856 1020 χωρίων
879 934 921 1001 ού
944 934 1001 1000 διά
1024 945 1153 1023 μακροῦ

135 1042 259 1126 όντων,
287 1039 444 1128 ἐπαρθεὶς
472 1042 490 1109 ὁ
520 1042 701 1127 στρατηγὸς
728 1039 838 1106 αὐτῶν
845 1091 855 1124 ,
883 1041 934 1106 ὅτι
958 1039 1014 1107 καλ
1035 1062 1155 1107 πεντα-

135 1147 270 1216 πλάσιοι
293 1159 360 1215 τῶν
382 1152 552 1233 πολεμίων
574 1143 660 1234 ἦσαν
683 1146 720 1213 οί
740 1145 907 1235 σφέτεροι,
929 1151 990 1232 τήν
1013 1170 1048 1213 τε
1072 1170 1155 1234 παρ-

136 1257 282 1340 εμβολὴν
318 1266 386 1321 τῶν
414 1249 587 1340 ΙῬωμαίων
621 1253 683 1320 οὐκ
717 1250 754 1319 ἐν
787 1252 893 1341 ἐχυρῷ
927 1248 1033 1319 οὖσαν
1066 1254 1155 1339 ὁρῶν

135 1361 312 1447 κράτιστον
348 1360 514 1446 ὑπέλαβεν
552 1355 638 1426 εἶναι
674 1361 792 1444 καιρὸν
825 1357 1003 1444 ἐπιχειρεῖν
1034 1359 1156 1437 αύτοίς.
1171 1381 1196 1426 10

67 1464 342 1554 ιοοοένθυμηθεὶς
370 1464 408 1533 δέ
434 1475 538 1534 ταῦτα
565 1463 641 1553 περὶ
664 1463 765 1550 μέσας
788 1465 909 1543 νύκτας
931 1461 991 1549 ἦγε
1013 1465 1075 1549 τὴν
1098 1466 1156 1531 δύ-

138 1599 242 1661 ναμιν
265 1573 319 1640 ἐπὶ
341 1576 400 1641 τὸν
423 1575 551 1661 χάρακα
573 1582 641 1638 τῶν
659 1569 841 1657 Ῥωμαίων,
863 1570 918 1638 καὶ
937 1573 1047 1661 κύκλῳ
1066 1593 1157 1659 περι-

139 1684 260 1766 στήσας
281 1680 450 1770 ἐφρούρει,
473 1682 517 1765 μὴ
537 1681 677 1746 λάθοιεν
695 1678 857 1757 ἀπιόντες.
895 1679 913 1747 ὁ
934 1675 971 1744 δέ
989 1681 1192 1764 Κοίντιος,3

139 1789 184 1866 ὡς
207 1789 312 1873 ἐμαθε
334 1799 401 1853 τῶν
424 1790 592 1872 πολεμίων
610 1788 648 1852 τὸ
667 1791 808 1872 πλῆθος,
831 1786 1006 1872 ἀγαπητῶς
1025 1783 1156 1864 ἐδέξατο

108 1887 112 1894 ’
138 1893 195 1960 καὶ
217 1897 420 1983 περιμείνας,
443 1893 505 1972 ἕως
526 1891 632 1981 ἡμέρα
655 1889 683 1958 τ’
707 1890 838 1977 ἐγένετο
861 1890 917 1958 καὶ
940 1893 1010 1977 ύρα
1027 1896 1158 1976 πληθυ-
1172 1914 1197 1956 15

140 1997 395 2086 ούσης.μάλιστ’
418 2001 557 2089 ἀγορᾶς,
580 2001 768 2085 κάμνοντας
789 2001 854 2085 ἤδη
877 2002 956 2076 τοὺς
978 2001 1158 2083 πολεμίους

139 2110 342 2193 αἰσθόμενος
369 2108 434 2174 ὑπό
461 2105 488 2172 τ’
517 2107 702 2193 ἀγρυπνίας
724 2105 779 2172 καὶ
802 2105 1073 2194 ἀκροβολισμῶν,
1099 2102 1155 2169 καλ

140 2213 182 2280 ού
205 2214 287 2280 κατὰ
310 2217 429 2300 λόχους
453 2209 533 2279 οὐδὲ
552 2213 588 2279 ἐν
607 2213 697 2292 τάξει
714 2213 953 2297 προσάγοντας,
976 2209 1061 2276 ἀλλὰ
1079 2215 1159 2276 πολ-

141 2326 224 2407 λαχῇ
247 2319 449 2407 κεχυμένους
471 2318 527 2385 καὶ
545 2319 725 2405 σποράδας,
749 2317 882 2397 ἀνοίξας
899 2319 957 2394 τὰς
974 2318 1081 2394 πύλας
1098 2327 1159 2383 τοῦ

141 2428 285 2515 χάρακος
315 2425 493 2512 ἐξέδραμεν
523 2428 589 2511 ἅμα
619 2437 689 2504 τοῖς
719 2422 898 2503 ἐπιλέκτοις
924 2436 992 2491 τῶν
1021 2421 1159 2490 ἱππέων·
1173 2447 1200 2488 ιο

142 2532 197 2600 καὶ
230 2534 266 2600 οί
293 2531 384 2612 πεζοὶ
415 2534 649 2609 πυκνώσαντες
679 2535 758 2609 τοὺς
788 2533 907 2616 λόχους
936 2531 1159 2616 ἠκολούθουν.

143 2640 178 2708 οί
200 2637 237 2706 δέ
261 2636 753 2722 Οὐολοῦσκοικαταπλαγέντες
776 2638 886 2704 αὐτῶν
904 2639 941 2703 τὸ
960 2635 1087 2722 θράσος
1104 2634 1196 2708 καλ4

143 2749 180 2813 τὸ
214 2748 355 2832 μανικὸν
384 2755 442 2831 τῆς
471 2745 596 2830 ἐφόδου
626 2747 755 2831 βραχύν
785 2743 1007 2830 ἀνασχόμενοι
1036 2746 1161 2831 χρόνον

143 2853 391 2939 ἀνακρούονταί
410 2875 444 2918 τε
468 2850 523 2918 καλ
546 2853 613 2936 ἀμα
635 2852 870 2937 ὑποχωροῦσιν
893 2850 957 2917 ἀπὸ
981 2857 1041 2915 τοῦ
1060 2849 1161 2934 χάρα-

144 2984 201 3038 κος
231 2962 291 3026 καί
313 2996 349 3006 -
376 2955 419 3044 ἦν
450 2958 514 3047 γάρ
546 2981 596 3035 τις
628 2957 669 3023 ού
699 2961 813 3046 πρόσω
843 2966 903 3024 τοῦ
934 2953 1159 3041 στρατοπέδου
1174 2979 1200 3020 εε

145 3071 249 3153 λόφος
267 3066 395 3150 ὑψηλὸς
413 3063 617 3142 ἐπιεικῶς-
635 3067 682 3142 είς
700 3075 819 3131 τοῦτον
839 3059 901 3131 οὖν
920 3060 1160 3149 ἀνατρέχουσιν

217 3371 233 3420 2
257 3372 365 3433 νεκρῶν
385 3364 450 3420 add.
469 3364 493 3417 B
571 3369 587 3417 3
610 3361 894 3434 παρασκευασάμενοι
911 3360 934 3415 Β
1010 3366 1028 3413 4
1051 3366 1089 3434 τῷ
1107 3369 1162 3416 τῶν

143 3435 178 3493 ¹1³.
204 3435 227 3492 0
246 3438 358 3506 praebet
376 3437 398 3489 B
508 3441 524 3491 8
548 3455 578 3490 τε
601 3452 654 3490 om.
674 3434 721 3488 Βο
829 3440 864 3489 24
886 3453 916 3488 τε
936 3434 965 3488 et
984 3431 1042 3503 ἅμα
1066 3449 1119 3488 om.
1138 3432 1162 3486 B

147 3513 182 3563 24
205 3503 237 3563 ἐκ
255 3516 305 3562 τοῦ
324 3507 447 3580 χάρακος
465 3507 490 3563 Α
563 3511 597 3562 26
621 3503 672 3562 οὖν
691 3523 745 3563 om.
764 3506 788 3560 B
