<?xml version="1.0" encoding="UTF-8"?>
<!DOCTYPE html PUBLIC "-//W3C//DTD XHTML 1.0 Transitional//EN"
    "http://www.w3.org/TR/xhtml1/DTD/xhtml1-transitional.dtd">
<html xmlns="http://www.w3.org/1999/xhtml" xml:lang="en" lang="en">
 <head>
  <title>
</title>
<meta http-equiv="Content-Type" content="text/html;charset=utf-8" />
  <meta name='ocr-system' content='tesseract 3.04.00' />
  <meta name='ocr-capabilities' content='ocr_page ocr_carea ocr_par ocr_line ocrx_word'/>
</head>
<body>
  <div class='ocr_page' id='page_1' title='image "./dionysihalicarn00unkngoog_0154.png"; bbox 0 0 2660 3976; ppageno 0'>
   <div class='ocr_carea' id='block_1_1' title="bbox 184 211 773 275">
    <p class='ocr_par' dir='ltr' id='par_1_1' title="bbox 184 211 773 275">
     <span class='ocr_line' id='line_1_1' title="bbox 184 211 773 275; baseline 0.007 -1"><span class='ocrx_word' id='word_1_1' title='bbox 184 211 247 275; x_wconf 83' lang='lat'><strong><em>142</em></strong></span> <span class='ocrx_word' id='word_1_2' title='bbox 605 212 773 261; x_wconf 83' lang='grc' dir='ltr'><strong><em>-Η-</em></strong></span> 
     </span>
    </p>
   </div>
   <div class='ocr_carea' id='block_1_2' title="bbox 137 371 1326 2378">
    <p class='ocr_par' dir='ltr' id='par_1_2' title="bbox 137 371 1326 2378">
     <span class='ocr_line' id='line_1_2' title="bbox 181 371 1204 461; baseline 0.001 -21"><span class='ocrx_word' id='word_1_3' title='bbox 181 374 314 458; x_wconf 81' lang='grc' dir='ltr'><strong><em>ἠγάσθη</em></strong></span> <span class='ocrx_word' id='word_1_4' title='bbox 338 373 398 456; x_wconf 80' lang='grc' dir='ltr'><strong><em>την</em></strong></span> <span class='ocrx_word' id='word_1_5' title='bbox 422 374 558 456; x_wconf 85' lang='grc' dir='ltr'><strong><em>γνώμην</em></strong></span> <span class='ocrx_word' id='word_1_6' title='bbox 577 372 595 438; x_wconf 88' lang='grc' dir='ltr'>ὁ</span> <span class='ocrx_word' id='word_1_7' title='bbox 619 373 757 456; x_wconf 79' lang='grc' dir='ltr'><em>Τύλλος,</em></span> <span class='ocrx_word' id='word_1_8' title='bbox 779 371 834 437; x_wconf 88' lang='grc' dir='ltr'><strong><em>καὶ</em></strong></span> <span class='ocrx_word' id='word_1_9' title='bbox 856 375 894 438; x_wconf 86' lang='grc' dir='ltr'><strong><em>τὸ</em></strong></span> <span class='ocrx_word' id='word_1_10' title='bbox 918 373 1120 461; x_wconf 82' lang='grc' dir='ltr'><strong><em>δραστήριον</em></strong></span> <span class='ocrx_word' id='word_1_11' title='bbox 1141 385 1204 441; x_wconf 85' lang='grc' dir='ltr'><strong><em>τοῦ</em></strong></span> 
     </span>
     <span class='ocr_line' id='line_1_3' title="bbox 182 475 1201 570; baseline 0.003 -26"><span class='ocrx_word' id='word_1_12' title='bbox 182 479 306 567; x_wconf 87' lang='grc' dir='ltr'><strong><em>ἀνδρὸς</em></strong></span> <span class='ocrx_word' id='word_1_13' title='bbox 333 481 430 558; x_wconf 83' lang='grc' dir='ltr'><strong><em>εἰδὼς</em></strong></span> <span class='ocrx_word' id='word_1_14' title='bbox 457 478 512 545; x_wconf 80' lang='grc' dir='ltr'><strong><em>καὶ</em></strong></span> <span class='ocrx_word' id='word_1_15' title='bbox 540 475 691 563; x_wconf 73' lang='grc' dir='ltr'><strong><em>ἐπιτυχὲς</em></strong></span> <span class='ocrx_word' id='word_1_16' title='bbox 719 477 897 564; x_wconf 77' lang='grc' dir='ltr'><strong><em>ἐπέτρεψεν</em></strong></span> <span class='ocrx_word' id='word_1_17' title='bbox 920 479 1035 570; x_wconf 78' lang='grc' dir='ltr'><strong><em>ἐκείνω</em></strong></span> <span class='ocrx_word' id='word_1_18' title='bbox 1059 490 1117 565; x_wconf 80' lang='grc' dir='ltr'><strong><em>της</em></strong></span> <span class='ocrx_word' id='word_1_19' title='bbox 1140 479 1201 560; x_wconf 82' lang='grc' dir='ltr'><strong><em>ἐξω</em></strong></span> 
     </span>
     <span class='ocr_line' id='line_1_4' title="bbox 182 589 482 674; baseline -0.003 -22"><span class='ocrx_word' id='word_1_20' title='bbox 182 595 337 673; x_wconf 83' lang='grc' dir='ltr'><strong><em>στρατιᾶς</em></strong></span> <span class='ocrx_word' id='word_1_21' title='bbox 359 589 482 674; x_wconf 84' lang='grc' dir='ltr'><strong><em>ἀρχειν.</em></strong></span> 
     </span>
     <span class='ocr_line' id='line_1_5' title="bbox 247 689 1276 780; baseline 0.003 -23"><span class='ocrx_word' id='word_1_22' title='bbox 247 693 359 758; x_wconf 89' lang='lat' dir='ltr'>XIIII.</span> <span class='ocrx_word' id='word_1_23' title='bbox 384 691 451 757; x_wconf 79' lang='grc' dir='ltr'><strong><em>Καὶ</em></strong></span> <span class='ocrx_word' id='word_1_24' title='bbox 471 692 489 758; x_wconf 89' lang='grc' dir='ltr'><strong>ὁ</strong></span> <span class='ocrx_word' id='word_1_25' title='bbox 506 691 662 776; x_wconf 90' lang='grc' dir='ltr'><strong><em>Μάρκιος</em></strong></span> <span class='ocrx_word' id='word_1_26' title='bbox 684 689 791 758; x_wconf 68' lang='grc' dir='ltr'><strong><em>οὐθὲν</em></strong></span> <span class='ocrx_word' id='word_1_27' title='bbox 814 695 861 758; x_wconf 89' lang='grc' dir='ltr'><strong><em>ἐτι</em></strong></span> <span class='ocrx_word' id='word_1_28' title='bbox 880 695 1103 780; x_wconf 76' lang='grc' dir='ltr'><em>διαμελλήσας</em></span> <span class='ocrx_word' id='word_1_29' title='bbox 1120 689 1276 779; x_wconf 80' lang='grc' dir='ltr'><strong><em>ἦκεν1531</em></strong></span> 
     </span>
     <span class='ocr_line' id='line_1_6' title="bbox 154 791 1203 888; baseline 0.007 -28"><span class='ocrx_word' id='word_1_30' title='bbox 154 801 275 884; x_wconf 78' lang='grc' dir='ltr'><strong><em>εάγων</em></strong></span> <span class='ocrx_word' id='word_1_31' title='bbox 292 801 354 884; x_wconf 84' lang='grc' dir='ltr'><strong><em>την</em></strong></span> <span class='ocrx_word' id='word_1_32' title='bbox 373 798 518 882; x_wconf 91' lang='grc' dir='ltr'><strong><em>δύναμιν</em></strong></span> <span class='ocrx_word' id='word_1_33' title='bbox 537 795 590 863; x_wconf 82' lang='grc' dir='ltr'><strong><em>ἐπὶ</em></strong></span> <span class='ocrx_word' id='word_1_34' title='bbox 607 791 776 883; x_wconf 77' lang='grc' dir='ltr'><strong><em>Κιρκαίαν</em></strong></span> <span class='ocrx_word' id='word_1_35' title='bbox 793 802 904 883; x_wconf 85' lang='grc' dir='ltr'><strong><em>πόλιν,</em></strong></span> <span class='ocrx_word' id='word_1_36' title='bbox 925 798 962 865; x_wconf 89' lang='grc' dir='ltr'><strong><em>ἐν</em></strong></span> <span class='ocrx_word' id='word_1_37' title='bbox 980 793 1002 888; x_wconf 79' lang='grc' dir='ltr'><em>ᾗ</em></span> <span class='ocrx_word' id='word_1_38' title='bbox 1021 805 1203 887; x_wconf 76' lang='grc' dir='ltr'><strong><em>κληροῦχοι</em></strong></span> 
     </span>
     <span class='ocr_line' id='line_1_7' title="bbox 176 901 1203 992; baseline 0.002 -21"><span class='ocrx_word' id='word_1_39' title='bbox 176 904 343 990; x_wconf 87' lang='grc' dir='ltr'><strong><em>Ῥωμαίων</em></strong></span> <span class='ocrx_word' id='word_1_40' title='bbox 366 901 452 989; x_wconf 77' lang='grc' dir='ltr'><strong><em>ἦσαν</em></strong></span> <span class='ocrx_word' id='word_1_41' title='bbox 475 905 542 989; x_wconf 87' lang='grc' dir='ltr'><strong><em>άμα</em></strong></span> <span class='ocrx_word' id='word_1_42' title='bbox 565 915 634 980; x_wconf 90' lang='grc' dir='ltr'><strong><em>τοῖς</em></strong></span> <span class='ocrx_word' id='word_1_43' title='bbox 652 902 841 990; x_wconf 77' lang='grc' dir='ltr'><strong><em>ἐπιχωρίοις</em></strong></span> <span class='ocrx_word' id='word_1_44' title='bbox 858 909 1122 992; x_wconf 80' lang='grc' dir='ltr'><strong><em>πολιτευόμενοι,</em></strong></span> <span class='ocrx_word' id='word_1_45' title='bbox 1145 907 1203 973; x_wconf 82' lang='grc' dir='ltr'><strong><em>καὶ</em></strong></span> 
     </span>
     <span class='ocr_line' id='line_1_8' title="bbox 179 1009 1202 1099; baseline 0.002 -22"><span class='ocrx_word' id='word_1_46' title='bbox 179 1011 431 1098; x_wconf 77' lang='grc' dir='ltr'><strong><em>παραλαμβάνει</em></strong></span> <span class='ocrx_word' id='word_1_47' title='bbox 453 1012 516 1095; x_wconf 81' lang='grc' dir='ltr'><strong><em>την</em></strong></span> <span class='ocrx_word' id='word_1_48' title='bbox 537 1013 637 1076; x_wconf 90' lang='grc' dir='ltr'><strong><em>πόλιν</em></strong></span> <span class='ocrx_word' id='word_1_49' title='bbox 661 1009 694 1088; x_wconf 86' lang='grc' dir='ltr'><strong><em>ἐξ</em></strong></span> <span class='ocrx_word' id='word_1_50' title='bbox 718 1009 853 1095; x_wconf 84' lang='grc' dir='ltr'><strong><em>ἐφόδου.</em></strong></span> <span class='ocrx_word' id='word_1_51' title='bbox 892 1013 938 1089; x_wconf 81' lang='grc' dir='ltr'><strong><em>ὡς</em></strong></span> <span class='ocrx_word' id='word_1_52' title='bbox 959 1013 1022 1099; x_wconf 82' lang='grc' dir='ltr'><strong><em>γάρ</em></strong></span> <span class='ocrx_word' id='word_1_53' title='bbox 1047 1016 1202 1097; x_wconf 80' lang='grc' dir='ltr'><strong><em>ἔγνωσαν</em></strong></span> 
     </span>
     <span class='ocr_line' id='line_1_9' title="bbox 181 1115 1202 1207; baseline 0.002 -23"><span class='ocrx_word' id='word_1_54' title='bbox 181 1119 216 1184; x_wconf 87' lang='grc' dir='ltr'><strong><em>οί</em></strong></span> <span class='ocrx_word' id='word_1_55' title='bbox 236 1121 392 1204; x_wconf 80' lang='grc' dir='ltr'><strong><em>Κιρκαῖοι</em></strong></span> <span class='ocrx_word' id='word_1_56' title='bbox 420 1115 649 1202; x_wconf 81' lang='grc' dir='ltr'><strong><em>κρατουμένην</em></strong></span> <span class='ocrx_word' id='word_1_57' title='bbox 677 1129 773 1202; x_wconf 82' lang='grc' dir='ltr'><strong><em>σφῶν</em></strong></span> <span class='ocrx_word' id='word_1_58' title='bbox 800 1118 863 1201; x_wconf 81' lang='grc' dir='ltr'><strong><em>την</em></strong></span> <span class='ocrx_word' id='word_1_59' title='bbox 884 1121 997 1205; x_wconf 84' lang='grc' dir='ltr'><strong><em>χάραν</em></strong></span> <span class='ocrx_word' id='word_1_60' title='bbox 1019 1117 1075 1185; x_wconf 86' lang='grc' dir='ltr'><strong><em>καὶ</em></strong></span> <span class='ocrx_word' id='word_1_61' title='bbox 1097 1138 1202 1207; x_wconf 91' lang='grc' dir='ltr'><strong><em>προσ-</em></strong></span> 
     </span>
     <span class='ocr_line' id='line_1_10' title="bbox 180 1224 1202 1312; baseline 0.002 -22"><span class='ocrx_word' id='word_1_62' title='bbox 180 1226 331 1308; x_wconf 91' lang='grc' dir='ltr'><strong><em>άγουσαν</em></strong></span> <span class='ocrx_word' id='word_1_63' title='bbox 351 1232 397 1312; x_wconf 79' lang='grc' dir='ltr'><strong><em>τῷ</em></strong></span> <span class='ocrx_word' id='word_1_64' title='bbox 420 1228 520 1308; x_wconf 87' lang='grc' dir='ltr'><strong><em>τείχει</em></strong></span> <span class='ocrx_word' id='word_1_65' title='bbox 538 1225 600 1308; x_wconf 83' lang='grc' dir='ltr'><strong><em>την</em></strong></span> <span class='ocrx_word' id='word_1_66' title='bbox 619 1225 787 1311; x_wconf 85' lang='grc' dir='ltr'><strong><em>στρατιάν,</em></strong></span> <span class='ocrx_word' id='word_1_67' title='bbox 810 1224 1000 1304; x_wconf 78' lang='grc' dir='ltr'><strong><em>ἀνοίξαντες</em></strong></span> <span class='ocrx_word' id='word_1_68' title='bbox 1018 1228 1076 1304; x_wconf 85' lang='grc' dir='ltr'><strong><em>τάς</em></strong></span> <span class='ocrx_word' id='word_1_69' title='bbox 1092 1229 1202 1306; x_wconf 81' lang='grc' dir='ltr'><strong><em>πύλας</em></strong></span> 
     </span>
     <span class='ocr_line' id='line_1_11' title="bbox 140 1327 1201 1419; baseline 0.009 -29"><span class='ocrx_word' id='word_1_70' title='bbox 140 1351 165 1390; x_wconf 80' lang='grc' dir='ltr'><strong><em>ιο</em></strong></span> <span class='ocrx_word' id='word_1_71' title='bbox 181 1327 318 1417; x_wconf 76' lang='grc' dir='ltr'><strong><em>ἐξῄεσαν</em></strong></span> <span class='ocrx_word' id='word_1_72' title='bbox 342 1330 442 1414; x_wconf 87' lang='grc' dir='ltr'><strong><em>ὁμόσε</em></strong></span> <span class='ocrx_word' id='word_1_73' title='bbox 465 1341 535 1407; x_wconf 85' lang='grc' dir='ltr'><strong><em>τοῖς</em></strong></span> <span class='ocrx_word' id='word_1_74' title='bbox 557 1335 728 1415; x_wconf 85' lang='grc' dir='ltr'><strong><em>πολεμίοις</em></strong></span> <span class='ocrx_word' id='word_1_75' title='bbox 750 1332 891 1398; x_wconf 78' lang='grc' dir='ltr'><strong><em>ἄνοπλοι</em></strong></span> <span class='ocrx_word' id='word_1_76' title='bbox 913 1338 1118 1419; x_wconf 82' lang='grc' dir='ltr'><strong><em>παραλαβεῖν</em></strong></span> <span class='ocrx_word' id='word_1_77' title='bbox 1137 1337 1201 1419; x_wconf 85' lang='grc' dir='ltr'><strong><em>την</em></strong></span> 
     </span>
     <span class='ocr_line' id='line_1_12' title="bbox 177 1436 1200 1524; baseline 0.004 -22"><span class='ocrx_word' id='word_1_78' title='bbox 177 1441 278 1504; x_wconf 87' lang='grc' dir='ltr'><strong><em>πόλιν</em></strong></span> <span class='ocrx_word' id='word_1_79' title='bbox 301 1436 483 1516; x_wconf 80' lang='grc' dir='ltr'><strong><em>ἀξιοῦντες·</em></strong></span> <span class='ocrx_word' id='word_1_80' title='bbox 508 1437 588 1522; x_wconf 82' lang='grc' dir='ltr'><strong><em>ὅπερ</em></strong></span> <span class='ocrx_word' id='word_1_81' title='bbox 612 1437 724 1513; x_wconf 86' lang='grc' dir='ltr'><strong><em>αὐτοῖς</em></strong></span> <span class='ocrx_word' id='word_1_82' title='bbox 747 1443 854 1504; x_wconf 74' lang='grc' dir='ltr'><strong><em>αἴτιον</em></strong></span> <span class='ocrx_word' id='word_1_83' title='bbox 871 1447 931 1503; x_wconf 84' lang='grc' dir='ltr'><strong><em>τοῦ</em></strong></span> <span class='ocrx_word' id='word_1_84' title='bbox 949 1436 1055 1524; x_wconf 77' lang='grc' dir='ltr'><strong><em>μηδὲν</em></strong></span> <span class='ocrx_word' id='word_1_85' title='bbox 1072 1446 1200 1506; x_wconf 77' lang='grc' dir='ltr'><strong><em>παθεῖν</em></strong></span> 
     </span>
     <span class='ocr_line' id='line_1_13' title="bbox 144 1541 1199 1632; baseline 0 -20"><span class='ocrx_word' id='word_1_86' title='bbox 144 1543 362 1630; x_wconf 70' lang='grc' dir='ltr'><strong><em>θάνηκεστον</em></strong></span> <span class='ocrx_word' id='word_1_87' title='bbox 381 1541 520 1626; x_wconf 85' lang='grc' dir='ltr'><strong><em>ἐγένετο.</em></strong></span> <span class='ocrx_word' id='word_1_88' title='bbox 553 1544 630 1610; x_wconf 85' lang='grc' dir='ltr'><strong><em>ούτε</em></strong></span> <span class='ocrx_word' id='word_1_89' title='bbox 648 1545 711 1629; x_wconf 86' lang='grc' dir='ltr'><strong><em>γάρ</em></strong></span> <span class='ocrx_word' id='word_1_90' title='bbox 731 1544 841 1610; x_wconf 84' lang='grc' dir='ltr'><strong><em>αὐτῶν</em></strong></span> <span class='ocrx_word' id='word_1_91' title='bbox 859 1543 1050 1612; x_wconf 80' lang='grc' dir='ltr'><strong><em>ἀπέκτεινεν</em></strong></span> <span class='ocrx_word' id='word_1_92' title='bbox 1066 1547 1084 1613; x_wconf 88' lang='grc' dir='ltr'>ὁ</span> <span class='ocrx_word' id='word_1_93' title='bbox 1099 1563 1199 1632; x_wconf 91' lang='grc' dir='ltr'><strong><em>στρα-</em></strong></span> 
     </span>
     <span class='ocr_line' id='line_1_14' title="bbox 177 1647 1199 1737; baseline 0.003 -21"><span class='ocrx_word' id='word_1_94' title='bbox 177 1653 277 1736; x_wconf 86' lang='grc' dir='ltr'><strong><em>τηγὸς</em></strong></span> <span class='ocrx_word' id='word_1_95' title='bbox 304 1648 444 1733; x_wconf 86' lang='grc' dir='ltr'><strong><em>οὐδένα,</em></strong></span> <span class='ocrx_word' id='word_1_96' title='bbox 471 1647 540 1715; x_wconf 77' lang='grc' dir='ltr'><strong><em>οὔτ’</em></strong></span> <span class='ocrx_word' id='word_1_97' title='bbox 569 1648 726 1734; x_wconf 81' lang='grc' dir='ltr'><strong><em>ἐξήλασεν</em></strong></span> <span class='ocrx_word' id='word_1_98' title='bbox 754 1649 791 1715; x_wconf 88' lang='grc' dir='ltr'><strong><em>ἐκ</em></strong></span> <span class='ocrx_word' id='word_1_99' title='bbox 818 1660 875 1735; x_wconf 80' lang='grc' dir='ltr'><strong><em>τῆς</em></strong></span> <span class='ocrx_word' id='word_1_100' title='bbox 898 1656 1036 1730; x_wconf 87' lang='grc' dir='ltr'><strong><em>πόλεως·</em></strong></span> <span class='ocrx_word' id='word_1_101' title='bbox 1070 1652 1199 1737; x_wconf 78' lang='grc' dir='ltr'><strong><em>ἐσθῆτα</em></strong></span> 
     </span>
     <span class='ocr_line' id='line_1_15' title="bbox 178 1747 1198 1843; baseline 0.003 -20"><span class='ocrx_word' id='word_1_102' title='bbox 178 1754 215 1823; x_wconf 80' lang='grc' dir='ltr'><strong><em>δέ</em></strong></span> <span class='ocrx_word' id='word_1_103' title='bbox 242 1766 312 1834; x_wconf 91' lang='grc' dir='ltr'><strong><em>τοῖς</em></strong></span> <span class='ocrx_word' id='word_1_104' title='bbox 339 1757 553 1841; x_wconf 82' lang='grc' dir='ltr'><strong><em>στρατιώταις</em></strong></span> <span class='ocrx_word' id='word_1_105' title='bbox 579 1755 635 1821; x_wconf 84' lang='grc' dir='ltr'><strong><em>καὶ</em></strong></span> <span class='ocrx_word' id='word_1_106' title='bbox 662 1758 787 1843; x_wconf 82' lang='grc' dir='ltr'><strong><em>τροφάς</em></strong></span> <span class='ocrx_word' id='word_1_107' title='bbox 814 1760 863 1834; x_wconf 89' lang='grc' dir='ltr'><strong><em>είς</em></strong></span> <span class='ocrx_word' id='word_1_108' title='bbox 889 1767 979 1843; x_wconf 75' lang='grc' dir='ltr'><strong><em>μῆνα</em></strong></span> <span class='ocrx_word' id='word_1_109' title='bbox 1003 1761 1122 1837; x_wconf 78' lang='grc' dir='ltr'><strong><em>ἱκανάς</em></strong></span> <span class='ocrx_word' id='word_1_110' title='bbox 1137 1747 1198 1826; x_wconf 77' lang='grc' dir='ltr'><strong><em>Ικαὶ</em></strong></span> 
     </span>
     <span class='ocr_line' id='line_1_16' title="bbox 137 1861 1197 1952; baseline 0.008 -28"><span class='ocrx_word' id='word_1_111' title='bbox 137 1883 163 1924; x_wconf 74' lang='grc' dir='ltr'><strong><em>ιι</em></strong></span> <span class='ocrx_word' id='word_1_112' title='bbox 177 1863 339 1951; x_wconf 90' lang='grc' dir='ltr'><strong><em>ἀργύριόν</em></strong></span> <span class='ocrx_word' id='word_1_113' title='bbox 362 1887 393 1926; x_wconf 91' lang='grc' dir='ltr'><strong><em>τι</em></strong></span> <span class='ocrx_word' id='word_1_114' title='bbox 416 1861 549 1948; x_wconf 89' lang='grc' dir='ltr'><strong><em>μέτριον</em></strong></span> <span class='ocrx_word' id='word_1_115' title='bbox 572 1864 685 1947; x_wconf 85' lang='grc' dir='ltr'><strong><em>λαβὼν</em></strong></span> <span class='ocrx_word' id='word_1_116' title='bbox 708 1863 813 1948; x_wconf 78' lang='grc' dir='ltr'><strong><em>ἀπῆγε</em></strong></span> <span class='ocrx_word' id='word_1_117' title='bbox 831 1864 893 1947; x_wconf 81' lang='grc' dir='ltr'><strong><em>την</em></strong></span> <span class='ocrx_word' id='word_1_118' title='bbox 911 1867 1057 1949; x_wconf 92' lang='grc' dir='ltr'><strong><em>δύναμιν</em></strong></span> <span class='ocrx_word' id='word_1_119' title='bbox 1076 1865 1197 1952; x_wconf 78' lang='grc' dir='ltr'><strong><em>ὀλίγην</em></strong></span> 
     </span>
     <span class='ocr_line' id='line_1_17' title="bbox 176 1968 1326 2057; baseline 0.003 -21"><span class='ocrx_word' id='word_1_120' title='bbox 176 1982 298 2057; x_wconf 91' lang='grc' dir='ltr'><strong><em>μοῖραν</em></strong></span> <span class='ocrx_word' id='word_1_121' title='bbox 326 1969 363 2035; x_wconf 92' lang='grc' dir='ltr'><strong><em>ἐν</em></strong></span> <span class='ocrx_word' id='word_1_122' title='bbox 390 1979 428 2054; x_wconf 76' lang='grc' dir='ltr'><strong><em>τῇ</em></strong></span> <span class='ocrx_word' id='word_1_123' title='bbox 456 1972 550 2034; x_wconf 89' lang='grc' dir='ltr'><strong><em>πόλει</em></strong></span> <span class='ocrx_word' id='word_1_124' title='bbox 577 1971 767 2036; x_wconf 83' lang='grc' dir='ltr'><strong><em>καταλιπὼν</em></strong></span> <span class='ocrx_word' id='word_1_125' title='bbox 790 1979 848 2054; x_wconf 76' lang='grc' dir='ltr'><strong><em>τῆς</em></strong></span> <span class='ocrx_word' id='word_1_126' title='bbox 869 1968 897 2035; x_wconf 87' lang='grc' dir='ltr'><strong><em>τ’</em></strong></span> <span class='ocrx_word' id='word_1_127' title='bbox 923 1970 1105 2057; x_wconf 82' lang='grc' dir='ltr'><strong><em>ἀσφαλείας</em></strong></span> <span class='ocrx_word' id='word_1_128' title='bbox 1126 1984 1196 2040; x_wconf 80' lang='grc' dir='ltr'><strong><em>τῶν</em></strong></span> <span class='ocrx_word' id='word_1_129' title='bbox 1325 1985 1326 1992; x_wconf 43' lang='lat'>³</span> 
     </span>
     <span class='ocr_line' id='line_1_18' title="bbox 177 2073 1195 2166; baseline 0.003 -23"><span class='ocrx_word' id='word_1_130' title='bbox 177 2077 399 2143; x_wconf 90' lang='grc' dir='ltr'><strong><em>ἐνοικούντων</em></strong></span> <span class='ocrx_word' id='word_1_131' title='bbox 418 2075 524 2161; x_wconf 76' lang='grc' dir='ltr'><strong><em>ἕνεκα,</em></strong></span> <span class='ocrx_word' id='word_1_132' title='bbox 547 2080 592 2161; x_wconf 84' lang='grc' dir='ltr'><strong><em>μη</em></strong></span> <span class='ocrx_word' id='word_1_133' title='bbox 610 2100 642 2142; x_wconf 90' lang='grc' dir='ltr'><strong><em>τι</em></strong></span> <span class='ocrx_word' id='word_1_134' title='bbox 661 2077 725 2142; x_wconf 85' lang='grc' dir='ltr'><strong><em>ὑπὸ</em></strong></span> <span class='ocrx_word' id='word_1_135' title='bbox 740 2073 909 2163; x_wconf 85' lang='grc' dir='ltr'><strong><em>Ῥωμαίων</em></strong></span> <span class='ocrx_word' id='word_1_136' title='bbox 927 2079 1061 2144; x_wconf 88' lang='grc' dir='ltr'><strong><em>πάθωσι</em></strong></span> <span class='ocrx_word' id='word_1_137' title='bbox 1080 2083 1195 2166; x_wconf 89' lang='grc' dir='ltr'><strong><em>κακόν,</em></strong></span> 
     </span>
     <span class='ocr_line' id='line_1_19' title="bbox 141 2179 1196 2272; baseline 0.004 -22"><span class='ocrx_word' id='word_1_138' title='bbox 141 2181 231 2250; x_wconf 84' lang='grc' dir='ltr'><strong><em>3καὶ</em></strong></span> <span class='ocrx_word' id='word_1_139' title='bbox 253 2193 313 2249; x_wconf 88' lang='grc' dir='ltr'><strong><em>τοῦ</em></strong></span> <span class='ocrx_word' id='word_1_140' title='bbox 336 2179 441 2267; x_wconf 70' lang='grc' dir='ltr'><strong><em>μηδὲν</em></strong></span> <span class='ocrx_word' id='word_1_141' title='bbox 463 2183 605 2269; x_wconf 74' lang='grc' dir='ltr'><strong><em>ὕστερον</em></strong></span> <span class='ocrx_word' id='word_1_142' title='bbox 627 2187 830 2270; x_wconf 88' lang='grc' dir='ltr'><strong><em>νεωτερίσαι.</em></strong></span> <span class='ocrx_word' id='word_1_143' title='bbox 870 2187 917 2262; x_wconf 85' lang='grc' dir='ltr'><strong><em>είς</em></strong></span> <span class='ocrx_word' id='word_1_144' title='bbox 935 2182 973 2250; x_wconf 75' lang='grc' dir='ltr'><strong><em>δέ</em></strong></span> <span class='ocrx_word' id='word_1_145' title='bbox 991 2187 1052 2270; x_wconf 84' lang='grc' dir='ltr'><strong><em>την</em></strong></span> <span class='ocrx_word' id='word_1_146' title='bbox 1065 2183 1196 2272; x_wconf 83' lang='grc' dir='ltr'><strong><em>Ῥώμην</em></strong></span> 
     </span>
     <span class='ocr_line' id='line_1_20' title="bbox 177 2288 1195 2378; baseline 0.006 -25"><span class='ocrx_word' id='word_1_147' title='bbox 177 2290 221 2366; x_wconf 80' lang='grc' dir='ltr'><strong><em>ὡς</em></strong></span> <span class='ocrx_word' id='word_1_148' title='bbox 243 2288 391 2373; x_wconf 82' lang='grc' dir='ltr'><strong><em>ἠγγέλθη</em></strong></span> <span class='ocrx_word' id='word_1_149' title='bbox 415 2290 454 2353; x_wconf 81' lang='grc' dir='ltr'><strong><em>τά</em></strong></span> <span class='ocrx_word' id='word_1_150' title='bbox 478 2293 641 2375; x_wconf 89' lang='grc' dir='ltr'><strong><em>γενόμενα</em></strong></span> <span class='ocrx_word' id='word_1_151' title='bbox 663 2294 749 2356; x_wconf 82' lang='grc' dir='ltr'><strong><em>πολὺ</em></strong></span> <span class='ocrx_word' id='word_1_152' title='bbox 771 2294 895 2356; x_wconf 88' lang='grc' dir='ltr'><strong><em>πλείων</em></strong></span> <span class='ocrx_word' id='word_1_153' title='bbox 915 2294 1040 2378; x_wconf 83' lang='grc' dir='ltr'><strong><em>ταραχη</em></strong></span> <span class='ocrx_word' id='word_1_154' title='bbox 1058 2291 1114 2358; x_wconf 84' lang='grc' dir='ltr'><strong><em>καὶ</em></strong></span> <span class='ocrx_word' id='word_1_155' title='bbox 1132 2297 1195 2360; x_wconf 92' lang='grc' dir='ltr'><strong><em>θό-</em></strong></span> 
     </span>
    </p>
   </div>
   <div class='ocr_carea' id='block_1_3' title="bbox 135 2389 1269 3122">
    <p class='ocr_par' dir='ltr' id='par_1_3' title="bbox 136 2389 1194 2806">
     <span class='ocr_line' id='line_1_21' title="bbox 136 2389 1191 2484; baseline 0.008 -27"><span class='ocrx_word' id='word_1_156' title='bbox 136 2416 162 2455; x_wconf 80' lang='lat'><strong><em>20</em></strong></span> <span class='ocrx_word' id='word_1_157' title='bbox 177 2399 279 2482; x_wconf 87' lang='grc' dir='ltr'><strong><em>ρυβος</em></strong></span> <span class='ocrx_word' id='word_1_158' title='bbox 304 2389 348 2479; x_wconf 76' lang='grc' dir='ltr'><strong><em>ην</em></strong></span> <span class='ocrx_word' id='word_1_159' title='bbox 375 2406 442 2461; x_wconf 82' lang='grc' dir='ltr'><strong><em>τῶν</em></strong></span> <span class='ocrx_word' id='word_1_160' title='bbox 469 2391 531 2481; x_wconf 71' lang='grc' dir='ltr'><strong><em>μὲν</em></strong></span> <span class='ocrx_word' id='word_1_161' title='bbox 557 2400 741 2483; x_wconf 89' lang='grc' dir='ltr'><strong><em>πατρικίων</em></strong></span> <span class='ocrx_word' id='word_1_162' title='bbox 763 2398 821 2462; x_wconf 88' lang='grc' dir='ltr'><strong><em>τὸν</em></strong></span> <span class='ocrx_word' id='word_1_163' title='bbox 844 2399 953 2483; x_wconf 80' lang='grc' dir='ltr'><strong><em>δῆμον</em></strong></span> <span class='ocrx_word' id='word_1_164' title='bbox 976 2397 1121 2484; x_wconf 88' lang='grc' dir='ltr'><strong><em>ἐχόντων</em></strong></span> <span class='ocrx_word' id='word_1_165' title='bbox 1144 2399 1191 2466; x_wconf 88' lang='grc' dir='ltr'><strong><em>δι’</em></strong></span> 
     </span>
     <span class='ocr_line' id='line_1_22' title="bbox 175 2501 1193 2594; baseline 0.006 -28"><span class='ocrx_word' id='word_1_166' title='bbox 175 2503 292 2586; x_wconf 86' lang='grc' dir='ltr'><strong><em>αίτίας,</em></strong></span> <span class='ocrx_word' id='word_1_167' title='bbox 315 2501 367 2567; x_wconf 85' lang='grc' dir='ltr'><strong><em>ὅτι</em></strong></span> <span class='ocrx_word' id='word_1_168' title='bbox 388 2504 592 2588; x_wconf 77' lang='grc' dir='ltr'><strong><em>πολεμιστὴν</em></strong></span> <span class='ocrx_word' id='word_1_169' title='bbox 614 2504 722 2589; x_wconf 85' lang='grc' dir='ltr'><strong><em>ἀνδρα</em></strong></span> <span class='ocrx_word' id='word_1_170' title='bbox 740 2501 796 2569; x_wconf 79' lang='grc' dir='ltr'><strong><em>καὶ</em></strong></span> <span class='ocrx_word' id='word_1_171' title='bbox 815 2504 1018 2590; x_wconf 82' lang='grc' dir='ltr'><strong><em>δραστήριον</em></strong></span> <span class='ocrx_word' id='word_1_172' title='bbox 1035 2503 1091 2570; x_wconf 81' lang='grc' dir='ltr'><strong><em>καὶ</em></strong></span> <span class='ocrx_word' id='word_1_173' title='bbox 1109 2531 1193 2594; x_wconf 84' lang='grc' dir='ltr'><strong><em>φρο-</em></strong></span> 
     </span>
     <span class='ocr_line' id='line_1_23' title="bbox 175 2608 1194 2702; baseline 0.007 -29"><span class='ocrx_word' id='word_1_174' title='bbox 175 2609 319 2693; x_wconf 79' lang='grc' dir='ltr'><strong><em>νήματος</em></strong></span> <span class='ocrx_word' id='word_1_175' title='bbox 350 2608 509 2692; x_wconf 86' lang='grc' dir='ltr'><strong><em>εὐγενοῦς</em></strong></span> <span class='ocrx_word' id='word_1_176' title='bbox 540 2611 660 2695; x_wconf 88' lang='grc' dir='ltr'><strong><em>μεστὸν</em></strong></span> <span class='ocrx_word' id='word_1_177' title='bbox 691 2612 813 2690; x_wconf 82' lang='grc' dir='ltr'><strong><em>ψευδεῖ</em></strong></span> <span class='ocrx_word' id='word_1_178' title='bbox 841 2615 1075 2698; x_wconf 82' lang='grc' dir='ltr'><strong><em>περιβαλόντες</em></strong></span> <span class='ocrx_word' id='word_1_179' title='bbox 1103 2616 1194 2702; x_wconf 80' lang='grc' dir='ltr'><strong><em>αίτίηι</em></strong></span> 
     </span>
     <span class='ocr_line' id='line_1_24' title="bbox 174 2714 1192 2806; baseline 0.006 -27"><span class='ocrx_word' id='word_1_180' title='bbox 174 2723 232 2800; x_wconf 77' lang='grc' dir='ltr'><strong><em>τῆς</em></strong></span> <span class='ocrx_word' id='word_1_181' title='bbox 254 2718 380 2793; x_wconf 89' lang='grc' dir='ltr'><strong><em>πόλεως</em></strong></span> <span class='ocrx_word' id='word_1_182' title='bbox 402 2714 575 2800; x_wconf 81' lang='grc' dir='ltr'><strong><em>ἀπήλασαν</em></strong></span> <span class='ocrx_word' id='word_1_183' title='bbox 596 2714 652 2781; x_wconf 79' lang='grc' dir='ltr'><strong><em>καὶ</em></strong></span> <span class='ocrx_word' id='word_1_184' title='bbox 670 2719 920 2802; x_wconf 86' lang='grc' dir='ltr'><strong><em>παρεσκεύασαν</em></strong></span> <span class='ocrx_word' id='word_1_185' title='bbox 938 2719 1085 2803; x_wconf 75' lang='grc' dir='ltr'><strong><em>ἡγεμόνα</em></strong></span> <span class='ocrx_word' id='word_1_186' title='bbox 1105 2719 1192 2806; x_wconf 82' lang='grc' dir='ltr'><strong><em>Οὐο-</em></strong></span> 
     </span>
    </p>

    <p class='ocr_par' dir='ltr' id='par_1_4' title="bbox 138 2819 1210 2911">
     <span class='ocr_line' id='line_1_25' title="bbox 138 2819 1210 2911; baseline 0.005 -23"><span class='ocrx_word' id='word_1_187' title='bbox 138 2823 329 2898; x_wconf 85' lang='grc' dir='ltr'><strong><em>4λούσκοις</em></strong></span> <span class='ocrx_word' id='word_1_188' title='bbox 355 2820 527 2904; x_wconf 85' lang='grc' dir='ltr'><strong><em>γενέσθαι·</em></strong></span> <span class='ocrx_word' id='word_1_189' title='bbox 558 2833 625 2888; x_wconf 80' lang='grc' dir='ltr'><strong><em>τῶν</em></strong></span> <span class='ocrx_word' id='word_1_190' title='bbox 650 2819 687 2887; x_wconf 72' lang='grc' dir='ltr'><strong><em>δὲ</em></strong></span> <span class='ocrx_word' id='word_1_191' title='bbox 714 2827 965 2908; x_wconf 90' lang='grc' dir='ltr'><strong><em>προεστηκότων</em></strong></span> <span class='ocrx_word' id='word_1_192' title='bbox 992 2835 1053 2891; x_wconf 88' lang='grc' dir='ltr'><strong><em>τοῦ</em></strong></span> <span class='ocrx_word' id='word_1_193' title='bbox 1081 2826 1210 2911; x_wconf 42' lang='grc' dir='ltr'><strong><em>δήμου,</em></strong></span> 
     </span>
    </p>

    <p class='ocr_par' dir='ltr' id='par_1_5' title="bbox 135 2928 1269 3122">
     <span class='ocr_line' id='line_1_26' title="bbox 135 2928 1269 3019; baseline 0.011 -29"><span class='ocrx_word' id='word_1_194' title='bbox 135 2946 160 2990; x_wconf 76' lang='lat'><strong><em>25</em></strong></span> <span class='ocrx_word' id='word_1_195' title='bbox 174 2930 371 3016; x_wconf 87' lang='grc' dir='ltr'><strong><em>κατηγορίας</em></strong></span> <span class='ocrx_word' id='word_1_196' title='bbox 397 2935 457 2994; x_wconf 84' lang='grc' dir='ltr'><strong><em>τοῦ</em></strong></span> <span class='ocrx_word' id='word_1_197' title='bbox 481 2931 660 3015; x_wconf 75' lang='grc' dir='ltr'><strong><em>συνεδρίου</em></strong></span> <span class='ocrx_word' id='word_1_198' title='bbox 682 2928 895 3015; x_wconf 87' lang='grc' dir='ltr'><strong><em>ποιουμένων</em></strong></span> <span class='ocrx_word' id='word_1_199' title='bbox 916 2929 971 2996; x_wconf 81' lang='grc' dir='ltr'><strong><em>καὶ</em></strong></span> <span class='ocrx_word' id='word_1_200' title='bbox 995 2934 1031 2997; x_wconf 84' lang='grc' dir='ltr'><strong><em>τὸ</em></strong></span> <span class='ocrx_word' id='word_1_201' title='bbox 1054 2943 1269 3019; x_wconf 72' lang='grc' dir='ltr'><strong><em>πράγμα1532</em></strong></span> 
     </span>
     <span class='ocr_line' id='line_1_27' title="bbox 174 3032 1191 3122; baseline 0.006 -22"><span class='ocrx_word' id='word_1_202' title='bbox 174 3035 254 3101; x_wconf 85' lang='grc' dir='ltr'><strong><em>ὅλον</em></strong></span> <span class='ocrx_word' id='word_1_203' title='bbox 273 3034 306 3113; x_wconf 87' lang='grc' dir='ltr'><strong><em>ἐξ</em></strong></span> <span class='ocrx_word' id='word_1_204' title='bbox 325 3033 504 3119; x_wconf 76' lang='grc' dir='ltr'><strong><em>ἐπιβουλῆς</em></strong></span> <span class='ocrx_word' id='word_1_205' title='bbox 520 3032 576 3099; x_wconf 86' lang='grc' dir='ltr'><strong><em>ὑπ’</em></strong></span> <span class='ocrx_word' id='word_1_206' title='bbox 594 3034 731 3102; x_wconf 88' lang='grc' dir='ltr'><strong><em>ἐκείνων</em></strong></span> <span class='ocrx_word' id='word_1_207' title='bbox 744 3037 1007 3103; x_wconf 74' lang='grc' dir='ltr'><strong><em>κατεσκευάσθαι</em></strong></span> <span class='ocrx_word' id='word_1_208' title='bbox 1021 3043 1191 3122; x_wconf 87' lang='grc' dir='ltr'><strong><em>λεγόντων</em></strong></span> 
     </span>
    </p>
   </div>
   <div class='ocr_carea' id='block_1_4' title="bbox 83 3257 1188 3552">
    <p class='ocr_par' dir='ltr' id='par_1_6' title="bbox 83 3257 1188 3552">
     <span class='ocr_line' id='line_1_28' title="bbox 245 3257 1188 3338; baseline 0.007 -22"><span class='ocrx_word' id='word_1_209' title='bbox 245 3269 260 3316; x_wconf 77' lang='lat'><strong>2</strong></span> <span class='ocrx_word' id='word_1_210' title='bbox 281 3257 407 3332; x_wconf 75' lang='grc' dir='ltr'><strong><em>ἐπιτυχὲς</em></strong></span> <span class='ocrx_word' id='word_1_211' title='bbox 425 3269 487 3326; x_wconf 85' lang='grc' dir='ltr'><strong><em>ταῖς</em></strong></span> <span class='ocrx_word' id='word_1_212' title='bbox 525 3263 608 3332; x_wconf 81' lang='grc' dir='ltr'><strong><em>άχοιις</em></strong></span> <span class='ocrx_word' id='word_1_213' title='bbox 626 3264 676 3320; x_wconf 82' lang='lat' dir='ltr'><strong><em>AO</em></strong></span> <span class='ocrx_word' id='word_1_214' title='bbox 696 3270 757 3327; x_wconf 83' lang='grc' dir='ltr'><strong><em>ταῖς</em></strong></span> <span class='ocrx_word' id='word_1_215' title='bbox 775 3264 878 3335; x_wconf 84' lang='grc' dir='ltr'><strong><em>μάχαις</em></strong></span> <span class='ocrx_word' id='word_1_216' title='bbox 896 3283 950 3320; x_wconf 88' lang='lat' dir='ltr'><strong><em>om.</em></strong></span> <span class='ocrx_word' id='word_1_217' title='bbox 970 3266 992 3319; x_wconf 95' lang='lat' dir='ltr'>B</span> <span class='ocrx_word' id='word_1_218' title='bbox 1051 3273 1083 3323; x_wconf 89' lang='lat'><strong><em>10</em></strong></span> <span class='ocrx_word' id='word_1_219' title='bbox 1103 3267 1188 3338; x_wconf 88' lang='grc' dir='ltr'><strong><em>ὁμόσε</em></strong></span> 
     </span>
     <span class='ocr_line' id='line_1_29' title="bbox 172 3331 1188 3410; baseline 0.008 -24"><span class='ocrx_word' id='word_1_220' title='bbox 172 3339 231 3395; x_wconf 84' lang='grc' dir='ltr'><strong><em>τοῖς</em></strong></span> <span class='ocrx_word' id='word_1_221' title='bbox 248 3335 390 3402; x_wconf 85' lang='grc' dir='ltr'><strong><em>πολεμίοις</em></strong></span> <span class='ocrx_word' id='word_1_222' title='bbox 409 3333 463 3389; x_wconf 89' lang='lat' dir='ltr'>del.</span> <span class='ocrx_word' id='word_1_223' title='bbox 511 3334 626 3406; x_wconf 78' lang='lat' dir='ltr'><strong>&#39;essling</strong></span> <span class='ocrx_word' id='word_1_224' title='bbox 695 3342 728 3390; x_wconf 81' lang='lat'><strong><em>12</em></strong></span> <span class='ocrx_word' id='word_1_225' title='bbox 748 3331 902 3410; x_wconf 85' lang='grc' dir='ltr'><strong><em>ἐγ&lt;ε&gt;νετο</em></strong></span> <span class='ocrx_word' id='word_1_226' title='bbox 921 3338 946 3390; x_wconf 88' lang='grc' dir='ltr'><strong>Α</strong></span> <span class='ocrx_word' id='word_1_227' title='bbox 1012 3343 1044 3392; x_wconf 81' lang='grc'><strong><em>18</em></strong></span> <span class='ocrx_word' id='word_1_228' title='bbox 1064 3333 1188 3408; x_wconf 78' lang='grc' dir='ltr'><strong><em>ἐσθηιας</em></strong></span> 
     </span>
     <span class='ocr_line' id='line_1_30' title="bbox 172 3403 1188 3482; baseline 0.007 -24"><span class='ocrx_word' id='word_1_229' title='bbox 172 3403 222 3459; x_wconf 80' lang='grc' dir='ltr'><strong><em>ΑΟ</em></strong></span> <span class='ocrx_word' id='word_1_230' title='bbox 297 3410 329 3458; x_wconf 78' lang='lat'><strong><em>15</em></strong></span> <span class='ocrx_word' id='word_1_231' title='bbox 353 3425 380 3458; x_wconf 92' lang='grc' dir='ltr'><strong><em>τι</em></strong></span> <span class='ocrx_word' id='word_1_232' title='bbox 398 3403 510 3475; x_wconf 86' lang='grc' dir='ltr'><strong><em>μέτριον</em></strong></span> <span class='ocrx_word' id='word_1_233' title='bbox 533 3423 587 3462; x_wconf 86' lang='lat' dir='ltr'><strong><em>om.</em></strong></span> <span class='ocrx_word' id='word_1_234' title='bbox 606 3409 631 3460; x_wconf 81' lang='lat' dir='ltr'>A</span> <span class='ocrx_word' id='word_1_235' title='bbox 703 3413 736 3462; x_wconf 77' lang='lat'><strong><em>22</em></strong></span> <span class='ocrx_word' id='word_1_236' title='bbox 761 3407 956 3482; x_wconf 74' lang='grc' dir='ltr'><strong><em>ψευδ&lt;εῖ&gt;Β</em></strong></span> <span class='ocrx_word' id='word_1_237' title='bbox 1030 3415 1063 3463; x_wconf 81' lang='lat'><strong><em>23</em></strong></span> <span class='ocrx_word' id='word_1_238' title='bbox 1088 3405 1120 3464; x_wconf 87' lang='grc' dir='ltr'><strong><em>ἐκ</em></strong></span> <span class='ocrx_word' id='word_1_239' title='bbox 1139 3419 1188 3479; x_wconf 78' lang='grc' dir='ltr'><strong><em>τῆς</em></strong></span> 
     </span>
     <span class='ocr_line' id='line_1_31' title="bbox 83 3474 458 3552; baseline 0.003 -22"><span class='ocrx_word' id='word_1_240' title='bbox 83 3545 86 3552; x_wconf 27' lang='grc' dir='ltr'>Ι</span> <span class='ocrx_word' id='word_1_241' title='bbox 172 3475 261 3530; x_wconf 73' lang='lat' dir='ltr'>Cobet</span> <span class='ocrx_word' id='word_1_242' title='bbox 280 3474 345 3530; x_wconf 75' lang='lat' dir='ltr'>Obn.</span> <span class='ocrx_word' id='word_1_243' title='bbox 364 3494 391 3545; x_wconf 89' lang='lat' dir='ltr'><strong><em>p.</em></strong></span> <span class='ocrx_word' id='word_1_244' title='bbox 407 3481 458 3531; x_wconf 82' lang='lat'><strong><em>158</em></strong></span> 
     </span>
    </p>
   </div>
   <div class='ocr_carea' id='block_1_5' title="bbox 0 0 1334 3976">
    <p class='ocr_par' dir='ltr' id='par_1_7' title="bbox 0 0 1334 3976">
     <span class='ocr_line' id='line_1_32' title="bbox 0 0 1334 3976; baseline 0 6"><span class='ocrx_word' id='word_1_245' title='bbox 0 0 1334 3976; x_wconf 95' lang='lat' dir='ltr'><strong><em> </em></strong></span> 
     </span>
    </p>
   </div>
  </div>
 </body>
</html>
