2656 3974
178 213 246 280 374
603 214 772 268 -Θ-

180 379 358 463 διήρπασε,
381 375 421 442 τά
444 373 474 441 θ’
503 373 666 461 ἐλεύθερα
688 376 839 461 σώματα,
862 375 968 442 ὁπόσα
990 376 1035 461 μῆ
1059 375 1077 442 ὁ
1100 377 1201 442 πύλε·

180 509 242 570 μος
260 485 349 569 ἔφθη
368 481 631 570 διειργασμένος,
650 480 704 548 ἐπὶ
722 484 759 548 τὸ
779 484 1039 567 λαφυροπώλιον
1053 481 1199 568 ἀπήχθη.

180 589 378 678 ἐλήφθησαν
402 586 440 656 δέ
462 588 518 656 καὶ
540 598 619 674 νῆες
640 599 709 654 τῶν
726 586 907 656 Ἀντιατῶν
929 595 1033 656 είκοσι
1055 587 1111 655 καί
1135 591 1200 654 δύο

145 695 303 784 6μακραὶ
325 695 382 764 καὶ
404 699 488 764 άλλα
510 707 598 763 νεῶν
620 697 706 762 ὅπλα
728 719 762 761 τε
785 693 841 762 καί
864 699 1078 780 παρασκευαί.
1116 697 1273 781 μετάιθοο

152 816 283 872 ῡταῦτα
309 805 528 881 κελεύσαντος
554 812 615 868 τοῦ
642 801 772 868 ὑπάτου
798 802 857 880 τάς
883 799 911 867 τ’
937 804 1045 880 οίκίας
1066 801 1199 888 ένεπίμ-

178 927 311 998 πρασαν
339 911 376 977 οί
391 908 549 997 Ῥωμαῖοι
571 907 628 975 καὶ
649 911 729 987 τούς
750 911 952 987 νεωσοίκους
974 907 1199 974 κατέσκαπτον

179 1015 235 1084 καί
261 1020 299 1084 τὸ
326 1027 433 1103 τείχος
459 1018 598 1103 ῆρειπον
622 1014 658 1081 έκ
680 1018 859 1101 θεμελίων·
888 1016 973 1082 ὥστε
995 1013 1070 1100 μηδ’
1099 1013 1198 1081 ἀπελ-

179 1127 315 1190 θόντων
347 1133 444 1209 σφῶν
475 1125 620 1209 χρηστὸν
652 1124 700 1187 ἔτι
731 1132 801 1200 τοίς
827 1117 1011 1200 Ἀντιάταις
1042 1116 1129 1187 εἶναι
1160 1124 1199 1188 τὸ

137 1271 139 1276 ,
180 1232 357 1317 φρούριον.
402 1230 505 1296 ταῦτά
531 1252 567 1294 τε
594 1230 637 1314 δὴ
665 1228 814 1316 ἐπράχθη
842 1227 944 1316 χωρὶς
966 1227 1108 1318 ἑκατέρφ
1130 1239 1200 1295 τῶν

140 1355 168 1396 1⁰
181 1338 333 1423 ὑπάτων,
359 1335 415 1403 καὶ
442 1333 642 1422 ἀμφοτέροις
669 1338 717 1401 ἔτι
744 1337 841 1422 κοινῆ
869 1339 1022 1421 στρατεία
1048 1345 1118 1414 τοῖς
1140 1336 1200 1402 άν-

181 1446 303 1530 ύράσιν
331 1442 385 1510 ἐπὶ
406 1446 469 1529 τῆν
492 1445 652 1528 Σαβίνων
679 1450 759 1528 γῆν,
788 1441 832 1526 ῆν
860 1443 1047 1530 δῃώσαντες
1069 1442 1200 1528 άπῆγον

181 1548 232 1618 έπ’
255 1557 351 1618 οίκον
373 1551 435 1634 τῆν
458 1550 614 1635 δύναμιν,
636 1547 692 1615 καί
716 1549 734 1616 ὁ
754 1547 905 1628 ἐνιαυτὸς
922 1545 1020 1628 οὗτος
1038 1549 1200 1616 ἐτελεύτα.

247 1656 351 1722 LVII.
385 1660 437 1744 Τῷ
462 1652 493 1722 δ’
517 1653 590 1740 ἑξῆς
612 1657 677 1721 ἔτει
694 1654 845 1740 <Τίτον>
863 1659 1025 1722 Κοιντίου
1044 1660 1200 1723 Καπετω-

180 1768 278 1830 λίνου
309 1761 365 1829 καί
392 1764 540 1830 Κοίντου
568 1765 772 1849 Σερουιλίου
797 1765 951 1849 Πρίσκου
982 1764 1045 1847 τῆν
1071 1763 1200 1830 ύπατον

140 1885 166 1927 1⁵
181 1871 287 1960 ἀρχὴν
318 1870 573 1958 παρειληφότων
606 1871 628 1954 ῆ
660 1866 690 1934 τ’
725 1871 830 1936 οίκεία
861 1871 1003 1955 δύναμις
1028 1867 1201 1955 Ῥωμαίων

180 1979 290 2044 άπασα
319 1975 355 2042 έν
382 1987 452 2054 τοῖς
479 1977 594 2055 ὅπλοις
620 1971 680 2062 ἦν,
706 1973 763 2042 καὶ
790 1977 830 2042 τά
853 1978 1042 2063 συμμαχικὰ
1064 1975 1201 2044 ἑκούσια

179 2093 301 2171 παρῆν,
323 2082 404 2166 πρὶν
427 2083 673 2169 ἐπαγγελθῆναι
692 2083 807 2162 αύτοίς
825 2087 1007 2171 στρατείαν.
1043 2082 1099 2150 καί
1117 2085 1271 2169 μετὰιεοΙ

180 2187 269 2256 τοῦτ’
297 2190 396 2275 εὐχάς
422 2214 457 2256 τε
483 2191 703 2276 ποιησάμενοι
729 2201 799 2268 τοῖς
825 2197 920 2269 θεοῖς
946 2192 982 2258 οί
1001 2191 1121 2258 ὕπατοι
1143 2189 1200 2256 καὶ
1325 2275 1326 2280 ¹

181 2297 389 2381 καθήραντες
415 2300 475 2364 τὸν
503 2300 645 2384 στρατὸν
673 2294 811 2384 ἐξῄεσαν
834 2295 889 2364 έπὶ
911 2301 989 2376 τοὺς
1010 2300 1198 2382 πολεμίους.
1325 2281 1326 2306 ξ

140 2378 325 2494 2ξΣαβίνοι
348 2400 411 2488 μὲν
433 2399 511 2489 οὖν,
540 2399 592 2490 ἐφ’
618 2404 678 2484 οὓς
700 2405 718 2472 ὁ
743 2407 940 2492 Σερουίλιος
961 2406 1102 2489 ἤλασεν,
1125 2401 1196 2470 οὔτ’

181 2510 230 2587 είς
252 2510 360 2596 μάχην
378 2509 585 2596 κατέστησαν
609 2508 680 2577 οὔτ’
703 2509 848 2596 ἐξῆλθον
871 2512 918 2589 είς
936 2512 997 2595 τῆν
1015 2511 1199 2597 ὕπαιθρον·

181 2615 338 2701 μένοντες
361 2613 392 2682 δ’
414 2615 452 2683 έν
474 2629 545 2695 τοῖς
566 2621 744 2705 φρουρίοις
765 2618 939 2703 ῆνείχοντο
961 2627 1022 2702 γῆς
1038 2614 1066 2683 τ’
1085 2617 1200 2695 αὐτοῖς

180 2720 383 2809 τεμνομένης
415 2721 472 2788 καὶ
502 2725 617 2791 οἰκιῶν
647 2722 927 2811 ἐμπιμπραμένων
955 2726 1137 2809 θεραπείας
1166 2722 1194 2789 τ’

181 2830 445 2915 αὐτομολούσης·
476 2831 559 2896 ὥστε
586 2831 669 2897 κατὰ
691 2833 820 2916 πολλὴν
842 2830 1015 2897 εὐπέτειαν
1036 2830 1200 2896 ἀπελθεῖν

139 2964 166 3006 τε
182 2934 218 3002 έκ
240 2945 297 3022 τῆς
319 2938 428 3024 χώρας
450 2937 562 3004 αὐτῶν
584 2941 663 3016 τοὺς
680 2935 862 3023 Ῥωμαίους
884 2937 1060 3023 ὠφελείαις
1081 2961 1117 3004 τε
1140 2942 1200 3024 βα-

254 3131 482 3202 Ιθεροιοώμοιτοι
501 3163 534 3220 '-
554 3127 633 3201 ἔφθη
653 3133 743 3202 θιειργ
767 3148 821 3186 om.
841 3132 888 3186 Ba
905 3131 970 3186 add.
989 3131 1091 3201 Bbmg
1137 3195 1147 3220 p
1182 3138 1198 3186 3

179 3200 363 3340 {Joffissbl
389 3198 1200 3398 ³350}ssssssssssssssch³⁹⁶{3'l‘3331‘2553ffl'msssussss‘ss}
1323 3297 1324 3304 ¹

182 3351 215 3399 13
237 3345 321 3398 Τίτου
341 3361 395 3400 om.
453 3345 517 3402 add.
534 3345 656 3416 Sylburg
676 3348 681 3414 Ι
703 3347 885 3400 Καπετωλίου
905 3345 928 3401 Ο
948 3362 1018 3400 corr.
1032 3345 1109 3399 idem
1165 3352 1198 3400 1⁷

180 3414 314 3485 στρατιάν
334 3413 357 3469 Ο
376 3432 446 3473 corr.
465 3416 588 3486 Sylburg
670 3423 704 3472 21
724 3416 776 3486 τῆν
794 3415 893 3471 om.A
978 3423 1013 3472 23
1032 3412 1200 3488 έκτεμνομέ-

181 3503 233 3552 νης
251 3483 274 3538 Ο
293 3485 465 3556 τεμνομένης
480 3486 573 3554 Cobet
592 3487 658 3544 Obs.
672 3505 700 3558 p.
718 3494 769 3545 184
