2674 3978
613 227 776 277 ..z-
1183 223 1204 288 3

1323 319 1325 360 λ

59 447 63 454 .
185 387 221 452 οί
241 387 337 452 ἄλλοι
361 387 481 471 σχεδὸν
499 386 642 464 ἅπαντες
659 397 863 472 συγγραφεῖς
881 386 1097 472 ὁμολογοῦσι·
1122 391 1205 453 Διο-

184 494 301 570 νάσιος
321 490 353 558 δ’
375 492 394 560 ὀ
416 493 640 579 πρεσβύτερος
662 493 874 582 ὀγδοηκοστῷ
898 491 954 558 καὶ
970 492 1105 582 πέμπτῳ
1124 495 1204 578 μετὰ

184 596 274 664 ταῦτ’
296 601 363 664 έτει
380 601 627 686 Συρακουσίοις
650 597 834 676 ἐπαναστάς
852 597 985 684 κατέσχε
1003 600 1065 684 τὴν
1083 623 1204 685 τυραν-
1249 686 1253 694 .
1326 627 1327 634 ¹

184 707 262 772 νίδα
292 706 375 771 κατὰ
406 708 466 772 τὸν
496 709 609 790 τρίτον
637 693 792 772 ένιαυτόν
819 715 877 790 τῆς
905 705 1121 790 ἐνενηκοστῆς
1148 705 1203 774 καὶ

183 815 294 899 τρίτης
313 812 517 897 ὀλυμπιάδος
536 814 697 898 άρχοντος
708 809 869 896 Ἀθήνησι
883 811 1034 879 Καλλίου
1052 822 1112 878 τοῦ
1131 811 1200 896 μετ’
1228 832 1240 874 ε

165 914 359 1002 ,Ἀντιγένη
396 919 522 1003 ὀλίγοις
544 916 607 1003 μέν
629 913 692 985 οὖν
716 923 802 985 ἔτεσι
826 921 1019 1005 διαμαρτεῖν
1040 929 1108 984 τῶν
1127 922 1238 1006 χρό-6

182 1049 253 1090 νων
282 1027 356 1118 δοίη
379 1049 429 1102 τις
452 1025 494 1091 άν
518 1027 697 1112 ίστορικοῖς
719 1025 883 1112 ἀνδράσιν
907 1025 1045 1112 ἀρχαίας
1067 1024 1123 1092 καὶ
1144 1047 1203 1093 πο-

183 1137 309 1208 λυετεῖς
332 1131 606 1216 συνταττομένοις
629 1137 867 1218 πραγματείας,
890 1145 1020 1217 γενεαῖς
1044 1129 1081 1198 δέ
1104 1131 1203 1198 δυσὶν

182 1237 204 1324 ἣ
236 1223 345 1324 τρισὶν
373 1237 465 1316 ὅλαις
492 1238 772 1325 ἀποπλανηθῆναι
799 1247 857 1323 τῆς
884 1238 1043 1323 ἀληθείας
1072 1239 1134 1306 οὐκ
1161 1238 1203 1305 ἀν

112 1343 400 1431 1314έπιτρέιγειεν.
445 1339 518 1412 ἀλλ’
548 1347 655 1413 ἔοικεν
688 1347 707 1412 δ
735 1357 865 1432 πρῶτος
892 1345 929 1428 έν
956 1358 1028 1423 ταῖς
1055 1347 1203 1434 ὡρογρα-
1218 1367 1244 1407 ιο

182 1455 275 1535 φίαις
301 1460 401 1518 τοῦτο
427 1455 669 1538 καταχωρίσας,
702 1445 728 1540 ᾦ
756 1452 878 1529 πάντες
905 1451 1143 1542 ἠκολούθησαν
1171 1449 1210 1519 οί

181 1551 310 1638 λοιποί,
333 1567 482 1623 »τοσοῦτο
512 1561 617 1641 μόνον
645 1556 682 1624 ἐν
709 1569 781 1636 ταῖς
808 1557 960 1644 ἀρχαίαις
987 1557 1095 1643 εὑρὼν
1123 1558 1202 1624 ἀνα-

3 1707 8 1732 1
130 1653 134 1658 ’
181 1675 341 1758 γραφαῖς,
373 1664 424 1729 ὅτι
455 1663 609 1749 πρέσβεις
639 1664 870 1749 ἀπεστάλησαν
899 1662 952 1732 ἐπὶ
979 1665 1108 1730 τούτων
1135 1675 1202 1730 τῶν

181 1769 319 1835 ὑπάτων
346 1771 394 1848 είς
420 1775 580 1837 Σικελίαν
608 1782 703 1838 σῖτον
731 1772 938 1857 ὠνησόμενοι
965 1768 1021 1836 καλ
1048 1777 1202 1856 παρῆσαν
1236 1831 1241 1838 .

16 1871 24 1900 ¹
112 1933 120 1946 .
183 1874 315 1942 ἐκεῖθεν
337 1877 475 1961 ἄγοντες
497 1877 540 1961 ἣν
563 1878 581 1944 ὁ
604 1879 769 1960 τύραννος
792 1869 893 1942 ἔδωκε
918 1875 1063 1961 δωρεάν,
1090 1874 1202 1941 οὐκέτι
1216 1897 1242 1937 ιε

183 1984 250 2067 μὴν
272 1984 362 2069 παρὰ
383 1995 451 2050 τῶν
464 1981 670 2068 Ἑλληνικῶν
689 1983 839 2063 ἐξετάσαι
858 1979 1089 2070 συγγραφέων,
1113 1981 1202 2060 ὅστις
1267 1983 1278 2010 “

182 2084 225 2173 ἦν
252 2091 417 2176 τύραννος
435 2093 516 2162 4τότε
540 2094 712 2174 Σικελίας,
740 2090 969 2176 ἀβασανίστως
995 2087 1035 2155 δέ
1054 2111 1124 2166 πως
1145 2086 1202 2154 καὶ

182 2196 325 2261 κατὰτὸ
349 2199 537 2281 προστυχὸν
559 2199 754 2263 θεῖναιτὸυ
777 2197 973 2264 Διονύσιον.

250 2301 293 2368 ΙΙ.
331 2302 377 2366 Οί
405 2289 467 2386 μέν
499 2297 561 2368 οὖν
595 2300 648 2395 ἐπὶ
678 2306 834 2380 Σικελίας
864 2300 1020 2379 πλέοντες
1048 2301 1202 2388 πρέσβεις

182 2419 320 2494 χειμωυι
342 2408 545 2494 χρησάμενοι
567 2410 648 2475 κατά
671 2410 842 2474 θάλατταν
860 2406 916 2474 καλ
935 2409 1045 2497 κάκλφ
1063 2410 1126 2493 την
1143 2419 1202 2493 υη-
1217 2430 1243 2471 εο

182 2531 245 2581 σου
274 2520 445 2601 περιπλεῖν
473 2514 740 2599 ἀναγκασθέντες
766 2518 901 2601 χρόνιοί
924 2538 959 2580 τε
988 2519 1202 2601 κατήχθησαν

182 2623 265 2707 πρὸς
278 2624 337 2688 τὸν
349 2622 529 2707 τύραννον,
543 2619 598 2686 καὶ
611 2621 673 2704 την
686 2623 877 2708 χειμερινὴν
888 2620 959 2687 ἐκεῖ
971 2617 1203 2706 διατρίψαντες

85 2807 88 2812 Ι
184 2729 378 2815 ὥρανμετδ
401 2725 502 2813 θέρος
525 2727 717 2816 ἐπανῆλθον
741 2730 788 2806 είς
803 2724 945 2794 Ἰταλίαν
967 2729 1092 2805 πολλάς
1110 2731 1203 2814 κομί-

184 2837 294 2913 ζοντες
317 2833 449 2921 ἀγοράς.
486 2833 522 2900 οί
543 2831 572 2899 δ’
596 2836 644 2911 είς
666 2837 704 2901 τὸ
728 2839 946 2919 Πωμεντῖνον
965 2831 1237 2911 ἀποσταλέντες2

182 2943 300 3007 πεδίον
329 2941 445 3023 ὀλίγου
473 2935 534 3025 μὲν
562 2938 702 3024 ἐδέησαν
729 2941 774 3018 ὡς
802 2940 1003 3006 κατάσκοποι
1029 2942 1113 3026 πρὸς
1134 2949 1202 3006 τῶν
1216 2961 1242 3002 ετ

186 3047 411 3114 Οὐολούσκων
447 3045 667 3133 ἀναιρεθῆναι
700 3046 937 3132 διαβληθέντες
968 3045 1034 3112 ὑπὸ
1066 3057 1134 3112 τῶν
1167 3046 1202 3112 έκ

215 3211 221 3224 ”
255 3201 325 3258 1ολ
344 3203 450 3260 add.B
510 3207 599 3258 ὀτοῦ
618 3204 725 3259 αδδΒ
785 3199 929 3272 δἈνγίνη
948 3203 995 3257 Ba
1015 3201 1201 3273 ἈντιγένηΒ

68 3319 74 3332 ’
181 3270 839 3416 λλὡλλλαῗίλλ,λκέρὲἶλίέλῖφόλλῗλε
858 3275 1201 3417 λλέλωῦῗέηᾚλλῗ

149 3416 287 3472 'Reiske
333 3423 367 3472 16
386 3416 442 3487 μὴν
462 3416 526 3472 εδδ.
541 3417 588 3471 Bb
635 3423 668 3471 19
687 3419 822 3473 Σικελίαν
838 3434 860 3472 ο.
876 3415 1036 3487 Stephanus
1082 3422 1116 3471 2³
1131 3416 1201 3487 μετὰ

181 3489 214 3543 τὸ
232 3486 320 3560 θέρος
339 3487 362 3543 Ο
380 3491 493 3559 praeter
511 3489 534 3541 B
553 3488 625 3544 κατὰ
643 3487 730 3560 θέρος
748 3508 771 3544 ο.
792 3487 923 3544 Gelenius

1004 3576 1040 3628 1*
