2674 3978
162 253 208 316 44
588 256 750 304 -z-

163 423 327 502 ποροῦσιν
356 413 425 480 ἐκεῖ
448 424 516 480 τῶν
543 413 750 498 ἐπιτηδείων·
784 412 820 480 οί
845 409 876 477 δ’
899 412 1022 478 ἐνθάδε
1044 413 1183 497 ὑπομεί-

163 545 280 599 ναντες
306 516 405 605 ἧττον
433 523 626 599 σπανίζουσι
653 529 710 604 τῆς
737 518 872 606 ἀγορᾶς·
907 519 929 603 ἥ
956 516 986 584 τ’
1013 521 1182 604 ἰσομοιρία
1302 523 1306 532 “

165 635 222 710 τῆς
244 629 355 714 τύχης,
376 623 417 712 ἧς
439 626 638 713 μετέσχομεν
660 626 741 711 ύμῖν
764 637 833 703 τοῖς
856 627 1046 711 δημοτικοῖς
1069 624 1105 691 οί
1119 646 1183 690 πα-

166 737 286 821 τρίκιοι
308 738 419 823 κλήρῳ
442 733 659 818 ποιησάμενοι
682 735 743 817 τὴν
766 732 899 817 ἔξοδον,
922 732 963 798 ού
986 731 1129 815 ψέγεται.

139 861 152 902 ε
232 839 404 905 XXVIIII.
451 843 493 904 Τί
524 833 586 905 οὖν
618 843 784 917 παθόντες
816 839 851 906 οί
881 836 1074 924 δημαγωγοὶ
1105 836 1183 923 περὶ

165 947 294 1012 τούτων
316 946 397 1030 ημῖν
419 945 628 1030 ἐγκαλοῦσιν,
652 940 699 1012 ὧν
722 947 837 1024 κοινδις
860 948 998 1032 ἔσχομεν
1021 947 1078 1022 τδις
1096 947 1182 1028 γνώ-

167 1077 229 1136 μας
247 1051 303 1118 καὶ
320 1053 377 1130 τδις
394 1054 506 1138 τύχας,
529 1058 592 1118 εἴτε
612 1053 734 1119 δεινῶν
752 1055 872 1135 ὄντων,
892 1054 936 1130 ὡς
955 1048 1052 1118 οὗτοί
1066 1069 1182 1136 φασιν,

132 1154 225 1229 2είτ’
254 1157 446 1244 ὠφελίμων,
474 1159 583 1244 ὥσπερ
610 1160 705 1244 ἡμεῖς
733 1157 880 1244 οίόμεθ’;
913 1155 1019 1243 δμὶν
1041 1159 1104 1243 γὰρ
1128 1154 1183 1223 ἐπί

166 1274 205 1350 τῇ
233 1262 352 1330 νεωστὶ
379 1268 484 1350 βουλῇ
512 1263 701 1352 [γενομένη]
731 1263 965 1350 διαβεβλήμεθ’
993 1261 1049 1330 ὑπ’
1072 1265 1184 1330 αὐτῶν

127 1395 153 1435 ιο
166 1371 211 1449 ὡς
233 1370 294 1437 οὐκ
315 1369 485 1450 ἀξιοῦντες
505 1371 678 1456 μετριάσαι
695 1368 771 1457 περὶ
788 1373 846 1449 τὰς
863 1373 958 1455 τιμδις
974 1381 1033 1456 τῆς
1049 1370 1184 1456 ἀγορᾶς,

91 1547 97 1557 ,
166 1480 212 1556 ὡς
244 1476 515 1561 ἐπιβουλεύοντες
546 1474 732 1562 ἀφελέσθαι
761 1477 823 1561 την
850 1476 1004 1555 ἐξουσίαν
1030 1487 1097 1543 τῶν
1124 1478 1184 1561 δη-

167 1585 319 1669 μάρχων,
344 1584 388 1661 ὡς
411 1592 692 1667 μνησικακοῦντες
714 1583 795 1668 ύμῖν
817 1593 875 1669 τῆς
897 1583 1107 1661 ἀποστάσεως
1128 1581 1185 1649 καί

166 1688 265 1756 παντὶ
297 1692 409 1779 τρόπω
440 1690 716 1774 προθυμούμενοι
747 1701 893 1756 κακῶσαι
924 1692 961 1755 τὸ
992 1691 1185 1774 δημοτικόν,

166 1794 222 1866 καὶ
253 1796 360 1862 πάντα
387 1797 426 1861 τδ
453 1793 576 1862 τοιαῦτ)
605 1794 790 1881 ἐγκλήματα
818 1798 926 1883 ἔργοις
953 1793 1179 1880 ἀπολυσόμεθ’

129 1924 154 1966 ιε
168 1902 230 1969 οὐκ
256 1905 303 1980 είς
330 1903 460 1989 μακρὰν
487 1903 564 1968 οὔτε
590 1903 693 1969 κακὸν
721 1899 827 1968 οὐθὲν
853 1903 939 1988 ὑμᾶς
966 1901 1185 1989 ἐργασάμενοι

168 2012 229 2093 τήν
247 2006 276 2075 τ’
298 2007 451 2087 ἐξουσίαν
468 2020 536 2074 τῶν
554 2009 743 2094 δημάρχων,
767 2004 818 2093 ἐφ’
837 1999 887 2086 οἷς
905 2012 978 2075 τότε
997 2013 1185 2096 συνεχωρή-

170 2130 273 2199 σαμεν
296 2114 377 2199 ύμῖν
401 2118 503 2201 ἔχειν,
529 2113 585 2180 καὶ
608 2125 672 2181 νῦν
694 2117 921 2199 βεβαιοῦντες,
946 2123 1006 2180 τοῦ
1029 2112 1067 2181 δε
1089 2121 1262 2183 σίτουεεῖσ

168 2223 229 2306 την
262 2222 441 2306 διάπρασιν
470 2222 516 2299 ὡς
543 2221 585 2287 διν
611 2221 693 2306 ύμῖν
720 2223 822 2287 άπασι
850 2219 930 2308 δόξη
957 2223 1185 2308 ποιησάμενοι.

169 2331 415 2414 περιμείναντες
447 2322 525 2412 οὗν,
558 2327 616 2394 ἐάν
644 2351 676 2392 τι
703 2328 748 2412 μη
776 2325 911 2411 γίνηται
937 2328 1081 2412 τούτων,
1112 2333 1185 2396 τότε

130 2399 379 2518 ᾗκατηγορεῖτε
400 2433 500 2518 ἡμῶν.
534 2436 566 2500 εί
584 2431 620 2500 δέ
638 2438 858 2519 βουληθείητε
877 2433 1019 2520 ἀκριβῶς
1038 2434 1186 2513 ἐξετάσαι

169 2540 209 2606 τδι
241 2538 402 2624 διάφορα,
434 2541 642 2625 δικαιότερον
674 2540 716 2606 δν
748 2540 841 2626 ἡμεῖς
872 2542 907 2606 οί
931 2545 1098 2628 πατρίκιοι
1125 2552 1186 2609 τοῦ

170 2649 279 2731 δύμον
306 2649 583 2731 κατηγοροίημεν,
610 2645 631 2730 ἢ
660 2649 722 2730 τὴν
744 2649 871 2732 βουλην
894 2648 988 2732 ὑμεῖς
1010 2650 1114 2734 ἔχοιτε
1138 2646 1182 2714 δι’

170 2755 284 2830 αἰτίας.
334 2751 475 2817 ἀδικεῖτε
508 2752 571 2838 γὰρ
603 2750 704 2837 ἡμᾶς,
740 2749 766 2818 ὦ
799 2755 952 2838 δημόται,
988 2751 1044 2819 καὶ
1076 2751 1186 2840 μηθὲν

170 2861 358 2948 ἀχθεσθῆτε
382 2858 572 2944 ἀκούοντες,
595 2864 629 2924 εί
643 2856 673 2943 γ’
693 2859 755 2925 οὐκ
772 2859 1008 2944 ἀναμείναντες
1026 2869 1084 2946 τῆς
1101 2863 1187 2946 γνώ-

131 2986 158 3027 ω
171 2991 234 3052 μης
255 2968 350 3051 ἡμῶν
373 2973 496 3052 μαθεῖν
518 2967 555 3031 τὸ
578 2964 671 3043 τέλος
693 2977 889 3052 κατηγορεῖν
911 2967 976 3050 ἤδη
998 2968 1100 3052 αὐτῆς
1117 2966 1186 3046 ἀξι-

243 3129 259 3176 5
278 3121 421 3185 παθόντες
440 3122 463 3176 O
482 3121 669 3195 <π>αθόντες
686 3121 733 3176 Bb
752 3121 935 3193 μαθόντεςο.
955 3121 1100 3193 Kiessling
1169 3129 1186 3178 8

170 3213 291 3298 οίόμεθα
310 3228 357 3281 Ba
412 3235 551 3298 9τηυ
500 3230 551 3301 βου
553 3233 586 3299 λῇ
605 3228 703 3284 νεωστὶ
721 3226 900 3299 γενομένην.
915 3228 1093 3298 Kiessling*
1106 3248 1187 3299 γενο-

171 3298 241 3372 μόνη
268 3298 347 3353 uncis
366 3297 469 3353 inclusi
542 3305 575 3354 15
600 3295 823 3370 ἐρ,γαοόμενοιο
841 3272 944 3354 Reiske
964 3295 1145 3371 ἐργαζόμενοι
1163 3317 1186 3359 c

171 3321 260 3426 cob'et
279 3370 383 3439 obs.p
385 3376 459 3424 .140
515 3377 548 3425 1⁷
567 3379 616 3425 τοῦ
635 3391 665 3426 τε
684 3373 760 3425 σίτου
780 3389 801 3424 ο.
817 3370 962 3440 Kiessling
1019 3377 1050 3425 18
1068 3369 1188 3441 ποιησά-

171 3462 251 3513 μενοι
277 3388 383 3496 Reiske
402 3441 584 3511 ποιησόμενοι
608 3441 631 3496 Ο
704 3448 737 3496 22
761 3439 825 3566 ηέε
812 3441 902 3496 είΒε,
920 3458 988 3497 corr.
1009 3458 1079 3511 ειη
1152 3447 1187 3495 24

173 3517 204 3569 εί
217 3534 248 3584 γε
268 3513 290 3569 O
310 3514 343 3567 οἵ
356 3528 429 3582 γεο.
450 3510 574 3565 Sintenis
592 3512 652 3567 Em.
671 3512 753 3569 Dion
786 3513 864 3567 1111
