2674 3978
203 235 246 300 80
628 237 717 287 -τ
755 265 789 274 -

203 396 244 463 δέ
263 421 294 463 τι
317 397 471 485 Μάρκιος
498 396 608 463 ἀδικεῖ
632 399 691 462 τὸν
715 397 839 482 δῆμον,
868 395 915 481 [ἢ]
940 394 996 462 καὶ
1023 397 1124 473 ἄλλος
1150 407 1221 464 τῶν

202 503 383 591 πατρικίων
402 505 561 572 ὁστισοῦν
577 501 633 570 καὶ
657 505 785 582 δίκαιός
807 503 897 569 ἐστιν
916 503 1104 571 ἀποθανεῖν
1121 503 1142 589 ἦ
1162 513 1221 590 τῆς

201 615 330 688 πόλεως
352 610 514 695 ἐκπεσεῖν,
537 613 580 696 μη
603 608 679 696 παρ’
703 610 827 694 αὐτοῖς,
849 608 923 677 ἀλλ’
944 610 1068 676 ἐνθάδε
1089 610 1221 696 κραθεὶς

203 719 324 785 διδότω
344 719 448 802 δίκας,
467 708 576 804 ὥσπερ
595 715 664 784 ἐστὶ
683 721 835 803 νόμιμον.
871 720 903 783 εί
916 719 960 803 μη
975 719 1050 802 ἄρα,
1065 713 1091 782 ὦ
1106 716 1221 802 Δέκιε,

176 825 221 896 ιδ
246 821 307 910 μὲν
330 825 435 909 δῆμος
458 831 529 901 ίσος
557 827 648 890 ἔσται
675 826 831 909 δικαστὴς
854 823 910 890 καί
933 822 1039 892 οὐδὲν
1062 824 1104 890 διν
1126 827 1221 910 χαρί-

119 963 129 984 e
205 949 297 996 σαιτο
322 931 410 1019 αὑτῷ
433 933 517 1018 πρὸς
535 931 658 1019 ἀνδρὸς
680 931 807 1018 ἐχθροῦ
824 933 886 1016 τὴν
903 939 1018 1016 ψῆφον
1037 929 1220 1016 ἐπιφέρων·

204 1033 297 1102 οὗτοι
321 1035 352 1101 δ’
378 1039 410 1102 εί
430 1036 581 1121 γένοιντο
603 1046 661 1123 τῆς
683 1040 799 1124 ψήφου
821 1039 932 1124 κύριοι
956 1039 1016 1102 τὸν
1038 1036 1221 1102 ἀδικοῦντα
1320 1051 1323 1057 ’

203 1143 279 1229 περὶ
305 1146 459 1222 πλείονος
485 1146 680 1228 ποιήσονται
710 1153 767 1228 τῆς
789 1141 1010 1228 ἀδικουμένης
1031 1138 1088 1208 ὑπ’
1115 1141 1221 1209 αὐτοῦ

203 1253 345 1334 πόλεως,
372 1249 547 1336 μέλλοντες
573 1250 659 1337 ἀρὰν
685 1249 741 1316 καὶ
768 1249 939 1337 ἐπιορκίαν
961 1246 1017 1314 καὶ
1040 1260 1135 1333 μῖσος
1158 1245 1222 1333 μὲν

166 1385 192 1426 ιο
205 1355 282 1443 παρ’
309 1356 518 1444 ἀνθρώπων,
547 1362 649 1444 χόλον
678 1354 715 1424 δὲ
742 1357 830 1440 παρὰ
857 1363 949 1422 θεῶν
976 1355 1013 1421 ἐκ
1039 1363 1098 1440 τῆς
1125 1356 1221 1439 δίκης

171 1462 404 1540 Ίᾶποίσεσδαι
426 1467 482 1530 καί
506 1466 585 1549 μετὰ
607 1474 765 1550 πονηρῶν
783 1463 928 1529 ἐλπίδων
948 1466 1014 1546 ζῆν.
1053 1462 1116 1528 οὐκ
1138 1460 1220 1542 ἀξιῶ

179 1587 182 1594 ·
204 1581 306 1636 ταῦτα
328 1568 484 1656 περὶτῆς
507 1575 631 1656 βουλῆς
652 1572 753 1656 ὑμᾶς,
781 1566 807 1635 ὦ
832 1572 987 1654 δημόται,
1017 1581 1169 1652 σκοπεῖν,
1197 1561 1220 1655 ᾖ

204 1678 299 1760 τιμὰς
324 1675 380 1742 καὶ
407 1676 509 1764 ἀρχὰς
541 1675 596 1742 καὶ
624 1678 665 1741 τὰ
695 1677 853 1763 κράτιστα
884 1687 951 1742 τῶν
984 1674 1021 1740 ἐν
1051 1684 1091 1760 τῇ
1122 1679 1294 1743 πόλει1431

206 1795 415 1871 παραχωρεῖν
439 1784 629 1868 ὁμολογεῖτε
657 1780 701 1848 δι’
729 1782 867 1869 ἀρετήν,
893 1779 949 1848 καί
976 1783 1101 1859 πολλὰς
1127 1782 1221 1868 χάρι-

166 1917 191 1958 15
204 1913 262 1966 τας
284 1887 409 1955 είδέναι
431 1886 514 1975 φατὲ
535 1897 593 1974 τῆς
619 1892 825 1977 προθυμίας,
851 1889 894 1973 ἣν
922 1887 1114 1967 ἀπεδείξατο
1143 1886 1221 1974 περὶ

205 1998 267 2080 τὴν
289 1997 441 2063 κάθοδον
463 1997 567 2081 ὑμῶν.
609 1997 745 2083 μάχεται
771 1992 861 2063 ταῦτ’
889 1994 1056 2080 ἀλληλοις·
1080 1993 1135 2060 καὶ
1158 1994 1221 2061 οὐκ

207 2105 273 2188 ἔχει
296 2106 411 2187 λόγον,
433 2102 493 2180 οὓς
516 2102 688 2187 ἐπαινεῖτε,
715 2104 854 2181 τούτους
876 2106 1056 2188 φοβεῖσθαι
1079 2098 1135 2167 καὶ
1153 2102 1222 2185 ἅμα

205 2220 276 2286 τοῖς
298 2211 411 2287 αὐτοῖς
428 2207 504 2297 περὶ
525 2206 585 2294 μὲν
604 2221 671 2276 τῶν
690 2212 850 2294 μειζόνων
870 2206 1066 2295 ἐπιτρέπειν,
1088 2205 1164 2293 περὶ
1183 2203 1221 2272 δὲ
1327 2235 1328 2260 2

171 2325 273 2390 8τῶν
296 2317 408 2382 ἄλλων
430 2315 589 2383 ἀπιστεῖν.
627 2320 663 2382 τί
683 2312 714 2381 δ’
737 2313 813 2401 οὐχὶ
835 2323 895 2404 μιᾷ
917 2317 1082 2401 χρώμενοι
1105 2315 1222 2399 γνώμη

165 2420 227 2505 εοῆ
255 2422 361 2487 πάντα
389 2425 556 2489 πιστεύετε
586 2423 699 2500 αὐτοῖς
726 2422 747 2506 ἢ
774 2419 850 2508 περὶ
876 2422 1010 2487 πάντων
1041 2420 1220 2498 ἄπιστεῖτες

208 2527 291 2592 ἀλλὰ
309 2531 555 2614 προβουλεῦσαι
574 2524 635 2613 μὲν
653 2527 776 2604 αὐτοὺς
793 2528 833 2591 τδ
852 2528 963 2593 δίκαια
983 2527 1117 2602 ἱκανοὺς
1134 2520 1223 2592 εἶναι

207 2637 371 2719 νομίζετε,
398 2633 531 2698 δικάσαι
558 2630 596 2698 δὲ
622 2632 698 2720 περὶ
722 2634 833 2699 αὐτῶν
853 2634 983 2699 τούτων
1006 2626 1054 2697 ὧν
1075 2635 1224 2717 προβου-

208 2742 364 2807 λεύουσιν
391 2739 454 2825 οὐχ
484 2740 627 2817 ἱκανούς.
663 2742 770 2806 πολλοὶ
797 2742 852 2806 καλ
879 2741 963 2805 ἄλλα
984 2736 1150 2825 περὶτῶν
1174 2741 1224 2804 δι-

210 2841 314 2912 καίων
336 2841 439 2932 εἶχον,
463 2841 488 2911 ὦ
511 2846 634 2930 βουλή,
663 2845 788 2930 λέγειν,
811 2845 894 2911 ἀλλὰ
913 2843 968 2910 καὶ
991 2841 1088 2912 τοῦδ’
1118 2846 1223 2911 ίκννά.
1324 2927 1325 2930 ¹

168 2981 195 3021 ει
275 2952 365 3018 LIII.
398 2949 531 3036 Ἐπειδὴ
559 2949 597 3017 δὲ
623 2951 679 3018 καὶ
705 2951 780 3039 περὶ
803 2962 864 3020 τοῦ
887 2951 1115 3038 συμφέροντος
1139 2951 1225 3018 ἐπει-
1324 2981 1325 3030 ,

210 3067 289 3146 ρᾶτο
313 3057 423 3141 λέγειν
445 3057 582 3143 Δέκιος,
612 3060 656 3137 ὡς
678 3059 810 3143 ἀγαθὸν
837 3056 899 3144 μὲν
927 3059 1081 3144 ὁμόνοια,
1110 3060 1225 3126 δεινὸν

281 3253 493 3355 Ῑδῆμονηικαὶ
512 3287 559 3341 Ba
644 3285 716 3342 ὖδιν
735 3287 799 3342 add.
819 3287 923 3342 Reiske
1014 3287 1125 3341 θαύτῶ
1143 3285 1222 3357 ΑΒΙ

208 3355 279 3426 πρὸς
298 3355 320 3410 O
339 3357 404 3428 περὶ
423 3357 525 3412 Reiske
580 3357 787 3427 ΊμένωνταιΒ
843 3365 876 3413 11
896 3357 1003 3425 ἀξιῶΟ
1023 3357 1104 3424 ἄξιον
1120 3356 1224 3412 Reiske

211 3432 243 3479 12
262 3429 334 3498 ὑμᾶς
353 3445 406 3484 om.
425 3429 448 3483 Β
470 3432 474 3493 Ι
499 3431 634 3555 σκοπεῖνᾶ
646 3436 743 3484 τοπεῖν
761 3429 808 3484 vel
826 3431 979 3485 δτοτοπεῖν
998 3445 1021 3483 ο.
1042 3428 1224 3484 Oasaubonus

209 3503 244 3552 23
263 3497 342 3554 πόλλ’
363 3498 400 3554 διν
419 3518 441 3556 ο.
461 3499 590 3557 Ηοιπωίιι
635 3518 725 3556 ermes
743 3501 769 3554 X
783 3507 834 3556 411
