2656 3974
162 243 227 311 358
584 245 754 297 -ο-
865 219 870 223 ’

161 403 189 474 τ’
216 407 400 494 ἀσχήμονες
428 402 581 489 ἐγένοντο
606 407 654 483 είς
675 404 840 490 ἀλλήλους
863 402 918 471 καὶ
940 404 1101 491 καταβοαὶ
1125 405 1181 473 καὶ

163 515 325 600 σωμάτων
344 512 503 598 ὠθισμοί·
522 510 577 578 καὶ
595 517 779 579 τελευτῶσα
798 514 845 590 είς
863 523 975 598 χεῖρας
989 509 1181 595 ἀπέσκηψεν

127 621 183 706 δή
203 625 283 708 ἔρις,
301 617 357 686 καὶ
375 621 423 697 είς
441 621 550 685 λίθων
569 617 689 704 ήρξατο
709 621 904 705 προβαίνειν
921 619 1031 703 βολάς.
1064 616 1180 704 ἐπέσχε

161 725 199 794 δέ
229 738 331 795 ταῦτα
361 724 416 793 καὶ
445 736 505 793 τοῦ
535 727 580 811 μή
610 724 807 811 προσωτέρω
837 734 984 812 χωρῆσαι
1013 725 1054 790 τά
1085 726 1181 791 δεινά

137 839 321 912 εΚοίντιος
344 835 459 920 ἀτερος
481 843 549 899 τῶν
572 832 707 898 ὑπάτων
730 838 835 909 αίτιος
857 829 999 915 ἐγένετο,
1023 832 1182 916 δεόμενός

163 965 198 1008 τε
220 942 356 1006 πάντων
379 936 434 1006 καὶ
457 944 608 1025 λιπαρῶν
631 940 695 1004 σὺν
713 949 783 1016 τοῖς
800 938 1039 1025 πρεσβυτάτοις
1056 948 1125 1003 τῶν
1144 936 1181 1004 ἐκ

163 1057 223 1115 τοῦ
242 1048 422 1134 συνεδρίου
441 1044 496 1112 καὶ
515 1047 563 1124 είς
581 1042 702 1131 μέσους
715 1046 794 1122 τοὺς
808 1043 1055 1131 ἁψιμαχοῦντας
1069 1044 1181 1110 ὠθού-

162 1177 269 1240 μενος.
313 1148 357 1237 ήν
387 1148 425 1218 δέ
453 1150 509 1218 καὶ
538 1161 597 1237 τῆς
626 1150 749 1236 ἡμέρας
777 1152 816 1216 τὸ
847 1154 1045 1236 λειπόμενον
1071 1154 1180 1236 βραχύ

125 1259 277 1347 4μέρος,
305 1255 381 1326 ὥστ’
410 1258 562 1326 ἀκούσιοι
588 1253 642 1323 ἀπ’
670 1257 824 1341 ἀλλήλων
847 1259 1063 1342 διελύθησαν.
1109 1269 1183 1335 ταῖς

122 1389 149 1429 ιο
162 1363 193 1432 δ’
217 1365 289 1452 έξής
312 1364 449 1452 ἡμέραις
471 1367 508 1431 αἵ
524 1363 551 1430 τ’
574 1361 672 1450 ἀρχαί
691 1362 849 1448 ἀλλήλαις
866 1362 1058 1448 ἐνεκάλουν,
1082 1363 1101 1429 6
1120 1360 1182 1449 μέν

162 1473 286 1550 ὕπατος
302 1485 373 1552 τοῖς
392 1473 585 1559 δημάρχοις,
609 1471 659 1537 ὅτι
677 1472 854 1537 καταλύειν
873 1470 977 1536 αὐτοῦ
994 1470 1055 1554 τήν
1074 1469 1182 1556 ἀρχήν

161 1579 278 1664 ἠξίουν
305 1578 338 1658 ές
360 1581 397 1645 τὸ
421 1579 649 1664 δεσμωτήριον
671 1578 731 1642 τὸν
753 1577 882 1644 ύπατον
905 1576 1046 1660 ἀπάγειν
1068 1579 1182 1642 κελεύ-

162 1703 295 1770 σαντες,
327 1694 372 1774 τῷ
406 1682 437 1751 δ’
470 1685 583 1775 ὑπάτῳ
616 1686 660 1750 ολι
679 1686 858 1770 δήμαρχοι,
891 1685 936 1762 ὡς
965 1683 1183 1768 ἐμβεβληκότι
1317 1701 1318 1774 χ

161 1793 289 1877 πληγάς
322 1793 471 1876 σώμασιν
502 1793 604 1878 ίεροϊς
633 1788 689 1856 καὶ
722 1787 995 1874 καθωσιωμένοις
1023 1790 1091 1856 ύπὸ
1121 1800 1182 1856 τοῦ
1317 1781 1318 1802 ’

125 1920 150 1960 15
164 1903 271 1986 νόμον
290 1935 334 1946 -
352 1896 407 1964 καὶ
431 1898 449 1964 6
470 1899 657 1980 Λαιτώριος
679 1897 719 1962 τά
744 1903 819 1983 ίχνη
842 1907 909 1962 τῶν
932 1901 1070 1981 πληγῶν
1094 1891 1183 1982 εἶχεν

162 2004 215 2072 ἐπὶ
238 2014 295 2091 τής
319 2007 426 2084 ὅψεως
448 2006 496 2069 έτι
514 2003 700 2089 φανερά-
717 2003 739 2086 ή
757 2027 792 2068 τε
810 2006 906 2081 πόλις
925 2003 1183 2088 ὅληδιοιδούσα
1317 2043 1318 2090 6

126 2110 217 2180 ὅκαὶ
254 2110 490 2197 ἀγριαινομένη
529 2110 714 2193 διειστήκει.
775 2111 886 2175 ἔπειτα
922 2109 940 2176 6
978 2106 1039 2194 μὲν
1077 2112 1257 2196 δήμοςιετσ
1317 2113 1318 2138 ¹

164 2218 321 2306 ἐφρούρει
352 2220 389 2284 τὸ
422 2219 635 2284 Καπιτώλιον
667 2219 735 2302 άμα
767 2227 837 2294 τοῖς
869 2216 1067 2302 δημάρχοις,
1100 2215 1179 2284 οὔθ’

162 2322 285 2410 ἡμέρας
303 2325 379 2391 ούτε
398 2326 519 2402 νυκτὸς
537 2323 697 2390 ἐκλείπων
716 2325 777 2408 τήν
796 2327 963 2409 φυλακήν·
982 2322 1003 2406 ἡ
1023 2321 1061 2388 δέ
1074 2325 1182 2408 βουλή

122 2451 149 2492 εο
164 2439 327 2498 συνιοῦσα
349 2433 478 2516 πολλήν
501 2429 557 2497 καὶ
580 2429 740 2496 ἐπίπονον
762 2429 904 2497 ἐποιεῖτο
925 2433 1070 2514 ζήτησιν,
1094 2431 1184 2508 ὅπως

164 2540 227 2624 χρή
250 2546 375 2604 παῦσαι
398 2539 460 2622 τήν
485 2539 716 2623 διχοστασίαν,
739 2547 799 2603 τοῦ
822 2560 857 2602 τε
880 2537 1042 2603 κινδύνου
1065 2538 1103 2602 τὸ
1128 2535 1184 2622 μέ-

161 2651 263 2728 γεθος
281 2642 529 2730 ἐνθυμουμένη,
552 2641 608 2710 καὶ
626 2643 678 2710 ὅτι
697 2639 777 2710 ούδέ
794 2654 865 2721 τοίς
882 2643 1020 2721 ὑπάτοις
1037 2643 1078 2708 τὰ
1099 2643 1184 2710 αύτδι

161 2754 372 2838 παρειστήκει
399 2762 548 2837 φρονεῖν.
595 2751 613 2818 6
641 2747 703 2836 μέν
730 2751 794 2836 χάρ
822 2752 978 2828 Κοίντιος
1005 2756 1109 2816 εἴκειν
1137 2759 1183 2840 τῷ

143 2860 255 2948 ’δήμω
286 2859 326 2923 τά
355 2855 471 2944 μέτρια
498 2857 610 2942 ήξίου,
640 2857 658 2924 6
688 2853 718 2922 δ’
737 2855 877 2935 ’Ἄππιος
904 2854 1000 2944 μέχρι
1027 2857 1182 2924 θανάτου

122 2983 148 3025 ετ
163 2963 322 3051 ἀντέχειν.
709 2977 711 2982 ’

234 3162 248 3211 1
268 3157 431 3231 καταβο<αι
449 3156 522 3231 κ>αλ
539 3157 563 3211 Β
649 3163 665 3212 6
684 3157 738 3212 *τε
758 3155 893 3212 ἁπάντων
912 3155 934 3211 0
955 3155 1063 3216 correxi
1149 3161 1182 3214 10

160 3229 249 3284 verba
273 3229 340 3284 inde
367 3229 402 3284 ab
430 3224 582 3284 ἐνεκάλουν
607 3245 697 3296 usque
721 3228 758 3283 ad
782 3227 825 3283 ὅτι
848 3245 901 3284 om.
921 3227 968 3282 Ba
991 3227 1057 3282 add.
1081 3227 1184 3298 Bbmg
1317 3271 1318 3294 ,

163 3305 195 3354 11
215 3308 271 3356 τῶν
290 3300 442 3371 δημάρχων
460 3300 486 3353 Α
504 3298 698 3424 <καταζὲύειν
716 3299 740 3353 Β
804 3305 837 3354 15
856 3299 906 3354 καλ
924 3298 975 3353 6..
995 3299 1142 3370 λαιτώριος
1160 3300 1182 3352 Β

161 3371 212 3426 καὶ
230 3371 284 3442 χάρ
303 3371 318 3426 6
338 3375 360 3428 λ.
380 3389 404 3428 ο.
424 3370 590 3426 dubitanter
631 3370 747 3441 ‘essling
820 3375 853 3426 19
874 3372 961 3425 αύτού
979 3369 1031 3451 τήν
1051 3369 1183 3439 φυλακὴν
1317 3381 1318 3438 ή

161 3441 365 3566 βρερελοτΒ
456 3449 491 3498 26
515 3443 643 3513 ἀντεῖχεν
663 3442 686 3498 0
710 3439 840 3512 ἀντέχειν
863 3459 886 3498 ο.
906 3439 1051 3511 Kiesshng
1070 3444 1101 3497 et
1118 3442 1182 3495 Am-
1317 3439 1318 3454 ¹

182 3528 245 3567 roso
