2660 3976
548 249 710 298 -Ζ-
1069 245 1134 310 105

118 421 186 488 τοῖς
209 407 334 495 ἑτέροις
356 406 499 492 ἐγένετο·
522 409 692 486 πολιτικὰς
715 404 752 474 δὲ
770 409 915 491 κινήσεις
932 406 988 474 καί
1007 408 1136 486 στάσεις

117 515 366 602 ἀναγράφοντες
393 515 455 584 οὐν
482 521 610 581 οίονται
637 515 710 580 δεῖν
739 512 957 598 ἀπαγγέλλειν
979 517 1058 592 τοὺς
1079 518 1135 581 λό-

57 640 208 706 εσῖνγους,
231 619 276 688 δι’
300 616 348 691 ὧν
372 621 409 686 αί
428 619 611 707 παράδοξοι
634 618 689 685 καὶ
712 618 902 705 θαυμασταί
924 620 1058 705 πράξεις
1080 621 1135 688 έπ-

116 727 350 816 ετελέσθησαν.
386 732 418 792 εί
439 727 503 814 γάρ
527 751 559 795 τι
577 725 633 794 καί
651 727 733 794 ἀλλο
751 735 809 810 τῆς
821 724 991 811 Ῥωμαίων
1009 729 1172 806 πόλεως4

116 833 199 920 μέγα
218 834 383 920 ἐγκώμιόν
402 831 472 901 ἐστι
490 831 546 898 καί
566 836 748 919 ζηλοῦσθαι
765 833 831 900 ὑπὸ
849 833 984 902 πάντων
1002 832 1135 919 ἀνθρώ·
1164 859 1177 899 ε

115 963 188 1008 πων
211 939 306 1022 ἀξιον
327 940 461 1010 κάκεῖνο
484 937 614 1024 ἐγένετο
639 936 708 1006 κατ’
731 938 815 1024 ἐμὴν
839 939 941 1019 δόξαν
963 942 1001 1007 τὸ
1025 943 1136 1027 ἔργον,

115 1053 243 1132 μᾶλλον
276 1045 308 1116 δ’
342 1043 427 1131 ὑπὲρ
459 1047 589 1114 ἅπαντα
620 1047 728 1112 πολλὰ
759 1044 815 1113 καὶ
845 1048 1023 1132 θαυμαστὰ
1055 1049 1136 1114 ὄντα

115 1156 357 1241 λαμπρότατον,
379 1155 417 1219 τὸ
440 1156 521 1238 μητε
544 1155 623 1233 τοὺς
645 1155 845 1237 δημοτικοὺς
863 1157 1136 1239 καταφρονήσαν-

114 1283 172 1337 τας
189 1271 257 1326 τῶν
276 1263 458 1347 πατρικίου
477 1258 681 1349 ἐπιχειρῆσαι
699 1259 823 1344 αὐτοῖς,
841 1257 896 1328 καὶ
914 1262 1023 1326 τολὺν
1041 1259 1135 1346 ἐργα-

116 1365 280 1452 σαμένους
297 1376 364 1434 τῶν
382 1368 567 1450 κρατίστων
584 1367 694 1450 φόνον
712 1366 841 1434 ἅπαντα
857 1363 1018 1430 τάκείνων
1031 1386 1135 1449 καρα-
1150 1392 1176 1433 ιο

115 1476 242 1556 λαβεῖν,
261 1473 342 1556 μήτε
360 1474 439 1550 τοὺς
457 1471 494 1538 έν
513 1481 583 1552 τοῖς
600 1469 784 1556 ἀξιώμασιν
802 1470 823 1556 ἢ
842 1471 899 1539 διά
917 1481 1012 1556 σφῶν
1026 1471 1136 1541 αὐτῶν

18 1611 19 1616 1
115 1577 135 1662 ἢ
157 1578 302 1656 ξενικαῖς
325 1577 528 1663 ἐπικουρίαις
548 1576 779 1664 χρησαμένους
801 1577 998 1664 διαφθεῖραι
1020 1580 1058 1646 τὸ
1077 1579 1136 1662 δη-

115 1687 252 1769 μοτικὸν
280 1685 369 1750 ἀκαυ
396 1681 452 1750 καὶ
478 1686 515 1750 τὸ
542 1686 660 1752 λοιπὸν
682 1686 787 1750 οίκεῖυ
810 1682 916 1764 ἀδεῶς
938 1685 1000 1769 τὴν
1021 1687 1135 1751 πόλιν·
1166 1713 1169 1720 ’

116 1785 187 1858 ἀλλ’
214 1791 326 1876 ὥσπερ
355 1789 522 1875 ἀδελφοὺς
549 1788 707 1876 ἀδελφοῖς
729 1789 750 1874 ἢ
772 1791 894 1870 παῖδας
916 1798 1075 1874 γονεῦσιν
1097 1790 1170 1864 έυ5

115 1899 202 1985 οίκίρι
226 1897 378 1982 σώφρονι
400 1893 476 1982 περὶ
499 1905 566 1962 τῶν
590 1901 672 1962 ίσαεν
696 1893 795 1980 (καί)
819 1897 958 1962 δικαίων
982 1897 1134 1981 διαλεγο-
1148 1922 1175 1964 ιε

114 2000 235 2088 μένους
253 2009 368 2068 πειθοῖ
384 2000 440 2070 καί
459 2005 547 2091 λόγῳ
563 2003 762 2069 διαλύεσθαι
776 2003 815 2069 τὰ
829 2006 933 2088 νείκη,
951 2002 1135 2087 ἀνήκεστον

114 2107 146 2174 δ’
165 2109 186 2194 ἢ
210 2108 350 2176 ἀνόσιον
368 2109 468 2196 ἔργον
485 2104 595 2192 μηθὲν
613 2107 791 2194 ὑπομεῖναι
808 2110 930 2194 δρᾶσαι
948 2103 1018 2175 κατ’
1034 2108 1135 2196 ἀλλήε

114 2220 196 2286 λων·
228 2206 283 2284 υία
305 2217 512 2301 Κερκυραῖοί
536 2237 570 2280 τε
598 2215 680 2280 κατά
707 2216 769 2299 τὴν
796 2215 914 2282 στάσιν
936 2215 1134 2302 είργάσαντο

114 2320 170 2392 καί
183 2319 330 2409 Ἀργεῖοι
347 2319 404 2390 καί
420 2322 586 2404 Μιλήσιοι
603 2318 659 2386 καὶ
678 2324 817 2392 Σικελία
834 2330 924 2387 πᾶσα
941 2320 997 2388 καί
1015 2321 1135 2410 συχναὶ

114 2427 212 2493 ἀλλαι
242 2430 366 2506 πόλεις.
417 2426 482 2511 ἐγὼ
514 2423 576 2512 μὲν
607 2422 671 2494 οὖν
703 2428 760 2492 διὰ
792 2436 894 2496 ταῦτα
930 2432 1134 2515 προειλόμην
1149 2456 1176 2496 εο

54 2530 353 2620 ελτεάκριβεστέραν
385 2538 513 2618 μᾶλλον
544 2531 565 2616 ἢ
597 2532 805 2623 βραχυτέραν
836 2537 1041 2618 ποιήσασθαι
1072 2538 1134 2620 τὴν

116 2639 286 2723 διήγησιν·
309 2637 448 2726 κρινέτω
472 2637 502 2704 δ’
526 2637 662 2720 ἕκαστος
685 2640 729 2717 ὡς
751 2640 916 2728 βούλεται.

179 2743 316 2814 LXVII.
344 2748 425 2812 Τότε
448 2741 480 2810 δ
503 2740 566 2812 οὖν
588 2754 646 2830 τῆς
668 2747 763 2830 δίκης
784 2757 883 2816 τοῦτο
906 2746 1075 2831 λαβούσης
1097 2749 1134 2813 τὸ

114 2849 207 2928 τέλος
239 2849 258 2916 δ
291 2846 352 2934 μὲν
384 2852 490 2935 δῆμος
524 2849 685 2918 ἀπελύετο
722 2853 954 2938 προσειληφὼς
990 2851 1134 2936 ἀνόητον

114 2957 247 3043 αὔχημα
273 2953 329 3022 καὶ
356 2953 582 3043 καθηρηκέναι
607 2958 670 3042 την
692 2956 946 3044 ἀριστοκρατίαν
970 2959 1134 3044 οἰόμενος,
1148 2986 1174 3027 κε

115 3063 151 3128 οί
176 3058 215 3128 δέ
243 3065 412 3145 πατρίκιοι
438 3073 595 3148 κατηφεῖς
621 3085 657 3129 τε
684 3060 740 3127 καί
762 3062 912 3130 ταπεινοί
934 3061 990 3130 καί
1012 3063 1057 3130 δι’
1085 3069 1134 3131 αί-

185 3261 200 3309 7
224 3253 315 3310 πολλὰ
333 3253 441 3308 adm
514 3259 529 3310 9
553 3247 795 3324 έργασαμένυιςΒ
870 3262 902 3310 15
929 3257 996 3312 ίσαν
1015 3258 1134 3315 δικαίων

210 3323 235 3380 Β
258 3325 308 3378 καί
331 3324 449 3380 δικαίων
472 3341 496 3378 ο,
514 3323 659 3394 Kiessling
682 3326 749 3380 ἴσον
774 3325 828 3380 del.
847 3325 955 3396 Kayser
974 3331 1044 3382 Ann.
1063 3330 1133 3400 phil.

113 3435 317 3555 1138681}.81{i
375 3436 411 3485 24
428 3430 605 3501 προειληφὼς
623 3430 646 3485 Β
664 3414 883 3501 προέιληφὼςῦ
952 3439 985 3489 25
1006 3432 1134 3505 οἰόμενος

154 3518 273 3573 νομσας
