<?xml version="1.0" encoding="UTF-8"?>
<!DOCTYPE html PUBLIC "-//W3C//DTD XHTML 1.0 Transitional//EN"
    "http://www.w3.org/TR/xhtml1/DTD/xhtml1-transitional.dtd">
<html xmlns="http://www.w3.org/1999/xhtml" xml:lang="en" lang="en">
 <head>
  <title>
</title>
<meta http-equiv="Content-Type" content="text/html;charset=utf-8" />
  <meta name='ocr-system' content='tesseract 3.04.00' />
  <meta name='ocr-capabilities' content='ocr_page ocr_carea ocr_par ocr_line ocrx_word'/>
</head>
<body>
  <div class='ocr_page' id='page_1' title='image "./dionysihalicarn00unkngoog/dionysihalicarn00unkngoog_0270.png"; bbox 0 0 2586 3972; ppageno 0'>
   <div class='ocr_carea' id='block_1_1' title="bbox 160 159 746 267">
    <p class='ocr_par' dir='ltr' id='par_1_1' title="bbox 160 159 746 267">
     <span class='ocr_line' id='line_1_1' title="bbox 160 159 746 267; baseline -0.007 0"><span class='ocrx_word' id='word_1_1' title='bbox 160 164 275 267; x_wconf 71' lang='grc' dir='ltr'><strong><em>τεν</em></strong></span> <span class='ocrx_word' id='word_1_2' title='bbox 539 159 746 254; x_wconf 50' lang='lat' dir='ltr'><strong><em>kn-</em></strong></span> 
     </span>
    </p>
   </div>
   <div class='ocr_carea' id='block_1_2' title="bbox 126 361 1273 3218">
    <p class='ocr_par' dir='ltr' id='par_1_2' title="bbox 126 361 1273 3218">
     <span class='ocr_line' id='line_1_2' title="bbox 161 361 1177 452; baseline -0.004 -21"><span class='ocrx_word' id='word_1_3' title='bbox 161 366 244 452; x_wconf 78' lang='grc' dir='ltr'><strong><em>αὐτή</em></strong></span> <span class='ocrx_word' id='word_1_4' title='bbox 274 364 438 449; x_wconf 98' lang='grc' dir='ltr'><strong><em>ἀπήλασε,</em></strong></span> <span class='ocrx_word' id='word_1_5' title='bbox 467 363 523 430; x_wconf 81' lang='grc' dir='ltr'><strong><em>καὶ</em></strong></span> <span class='ocrx_word' id='word_1_6' title='bbox 551 364 632 449; x_wconf 83' lang='grc' dir='ltr'><strong><em>μετά</em></strong></span> <span class='ocrx_word' id='word_1_7' title='bbox 658 371 761 429; x_wconf 85' lang='grc' dir='ltr'><strong><em>ταῦτα</em></strong></span> <span class='ocrx_word' id='word_1_8' title='bbox 787 361 1085 449; x_wconf 79' lang='grc' dir='ltr'><strong><em>πρεσβευσαμένων</em></strong></span> <span class='ocrx_word' id='word_1_9' title='bbox 1109 373 1177 427; x_wconf 82' lang='grc' dir='ltr'><strong><em>τῶν</em></strong></span> 
     </span>
     <span class='ocr_line' id='line_1_3' title="bbox 163 468 1178 555; baseline -0.005 -16"><span class='ocrx_word' id='word_1_10' title='bbox 163 471 376 539; x_wconf 80' lang='grc' dir='ltr'><strong><em>Οὐιεντανῶν</em></strong></span> <span class='ocrx_word' id='word_1_11' title='bbox 399 471 478 549; x_wconf 88' lang='grc' dir='ltr'><strong><em>τούς</em></strong></span> <span class='ocrx_word' id='word_1_12' title='bbox 494 468 522 536; x_wconf 89' lang='grc' dir='ltr'><strong><em>τ’</em></strong></span> <span class='ocrx_word' id='word_1_13' title='bbox 547 471 775 555; x_wconf 77' lang='grc' dir='ltr'><strong><em>αἰχμαλώτους</em></strong></span> <span class='ocrx_word' id='word_1_14' title='bbox 796 470 910 548; x_wconf 79' lang='grc' dir='ltr'><strong><em>αὐτοῖς</em></strong></span> <span class='ocrx_word' id='word_1_15' title='bbox 932 469 1075 536; x_wconf 84' lang='grc' dir='ltr'><strong><em>ἀπέλυσε</em></strong></span> <span class='ocrx_word' id='word_1_16' title='bbox 1098 493 1178 554; x_wconf 93' lang='grc' dir='ltr'><strong><em>χρη-</em></strong></span> 
     </span>
     <span class='ocr_line' id='line_1_4' title="bbox 161 562 1178 664; baseline -0.004 -20"><span class='ocrx_word' id='word_1_17' title='bbox 161 579 292 664; x_wconf 81' lang='grc' dir='ltr'><strong><em>μάτων,</em></strong></span> <span class='ocrx_word' id='word_1_18' title='bbox 318 575 375 644; x_wconf 81' lang='grc' dir='ltr'><strong><em>καλ</em></strong></span> <span class='ocrx_word' id='word_1_19' title='bbox 396 575 520 663; x_wconf 79' lang='grc' dir='ltr'><strong><em>ἀνοχὰς</em></strong></span> <span class='ocrx_word' id='word_1_20' title='bbox 541 586 601 644; x_wconf 86' lang='grc' dir='ltr'><strong><em>τοῦ</em></strong></span> <span class='ocrx_word' id='word_1_21' title='bbox 619 575 767 661; x_wconf 85' lang='grc' dir='ltr'><strong><em>πολέμου</em></strong></span> <span class='ocrx_word' id='word_1_22' title='bbox 790 575 953 642; x_wconf 90' lang='grc' dir='ltr'><strong><em>συνέθετο</em></strong></span> <span class='ocrx_word' id='word_1_23' title='bbox 976 562 1178 652; x_wconf 76' lang='grc' dir='ltr'><strong><em>ἐνιαυσίους.</em></strong></span> 
     </span>
     <span class='ocr_line' id='line_1_5' title="bbox 164 680 1273 771; baseline -0.005 -20"><span class='ocrx_word' id='word_1_24' title='bbox 164 685 291 769; x_wconf 89' lang='grc' dir='ltr'><strong><em>Φάβιος</em></strong></span> <span class='ocrx_word' id='word_1_25' title='bbox 315 680 352 749; x_wconf 79' lang='grc' dir='ltr'><strong><em>δέ</em></strong></span> <span class='ocrx_word' id='word_1_26' title='bbox 375 683 435 771; x_wconf 85' lang='grc' dir='ltr'><strong><em>τήν</em></strong></span> <span class='ocrx_word' id='word_1_27' title='bbox 459 681 574 768; x_wconf 81' lang='grc' dir='ltr'><strong><em>ἑτέραν</em></strong></span> <span class='ocrx_word' id='word_1_28' title='bbox 597 684 743 768; x_wconf 89' lang='grc' dir='ltr'><strong><em>δύναμιν</em></strong></span> <span class='ocrx_word' id='word_1_29' title='bbox 766 685 853 768; x_wconf 86' lang='grc' dir='ltr'><strong><em>ἔχων</em></strong></span> <span class='ocrx_word' id='word_1_30' title='bbox 871 685 918 760; x_wconf 88' lang='grc' dir='ltr'><strong><em>είς</em></strong></span> <span class='ocrx_word' id='word_1_31' title='bbox 937 684 999 767; x_wconf 89' lang='grc' dir='ltr'><strong><em>τήν</em></strong></span> <span class='ocrx_word' id='word_1_32' title='bbox 1017 685 1239 748; x_wconf 74' lang='grc' dir='ltr'><strong><em>ΑίκανῶνΙτοε</em></strong></span> <span class='ocrx_word' id='word_1_33' title='bbox 1272 723 1273 768; x_wconf 52' lang='grc' dir='ltr'><strong><em>η</em></strong></span> 
     </span>
     <span class='ocr_line' id='line_1_6' title="bbox 137 777 1273 875; baseline -0.002 -19"><span class='ocrx_word' id='word_1_34' title='bbox 137 800 228 875; x_wconf 80' lang='grc' dir='ltr'><strong><em>εγήν</em></strong></span> <span class='ocrx_word' id='word_1_35' title='bbox 259 788 429 874; x_wconf 79' lang='grc' dir='ltr'><strong><em>ἐνέβαλεν·</em></strong></span> <span class='ocrx_word' id='word_1_36' title='bbox 466 786 565 856; x_wconf 79' lang='grc' dir='ltr'><strong><em>ἔπειτ’</em></strong></span> <span class='ocrx_word' id='word_1_37' title='bbox 602 789 732 856; x_wconf 66' lang='grc' dir='ltr'><strong><em>ἐκεῖθεν</em></strong></span> <span class='ocrx_word' id='word_1_38' title='bbox 764 791 812 866; x_wconf 89' lang='grc' dir='ltr'><strong><em>είς</em></strong></span> <span class='ocrx_word' id='word_1_39' title='bbox 846 791 908 874; x_wconf 86' lang='grc' dir='ltr'><strong><em>τήν</em></strong></span> <span class='ocrx_word' id='word_1_40' title='bbox 942 790 1179 856; x_wconf 80' lang='grc' dir='ltr'><strong><em>Οὐολούσκων.</em></strong></span> <span class='ocrx_word' id='word_1_41' title='bbox 1272 777 1273 780; x_wconf 24' lang='grc'><strong>“</strong></span> 
     </span>
     <span class='ocr_line' id='line_1_7' title="bbox 128 891 1180 983; baseline -0.003 -20"><span class='ocrx_word' id='word_1_42' title='bbox 128 901 287 983; x_wconf 80' lang='grc' dir='ltr'><strong><em>2χρόνον</em></strong></span> <span class='ocrx_word' id='word_1_43' title='bbox 310 892 372 981; x_wconf 72' lang='grc' dir='ltr'><strong><em>μὲν</em></strong></span> <span class='ocrx_word' id='word_1_44' title='bbox 394 891 458 962; x_wconf 88' lang='grc' dir='ltr'><strong><em>οὐν</em></strong></span> <span class='ocrx_word' id='word_1_45' title='bbox 479 920 554 962; x_wconf 89' lang='grc' dir='ltr'><strong><em>τινα</em></strong></span> <span class='ocrx_word' id='word_1_46' title='bbox 577 897 619 962; x_wconf 91' lang='grc' dir='ltr'><strong><em>οὐ</em></strong></span> <span class='ocrx_word' id='word_1_47' title='bbox 640 899 749 962; x_wconf 83' lang='grc' dir='ltr'><strong><em>πολὺν</em></strong></span> <span class='ocrx_word' id='word_1_48' title='bbox 771 895 952 982; x_wconf 86' lang='grc' dir='ltr'><strong><em>ήνέσχοντο</em></strong></span> <span class='ocrx_word' id='word_1_49' title='bbox 976 898 1012 962; x_wconf 86' lang='grc' dir='ltr'><strong><em>οί</em></strong></span> <span class='ocrx_word' id='word_1_50' title='bbox 1030 896 1180 961; x_wconf 86' lang='grc' dir='ltr'><strong><em>Οὐολοῦ-</em></strong></span> 
     </span>
     <span class='ocr_line' id='line_1_8' title="bbox 165 1001 1180 1088; baseline 0 -20"><span class='ocrx_word' id='word_1_51' title='bbox 165 1019 239 1068; x_wconf 91' lang='grc' dir='ltr'><strong><em>σκοι</em></strong></span> <span class='ocrx_word' id='word_1_52' title='bbox 259 1001 529 1088; x_wconf 65' lang='grc' dir='ltr'><strong><em>θαυμαζομένων</em></strong></span> <span class='ocrx_word' id='word_1_53' title='bbox 546 1003 659 1080; x_wconf 76' lang='grc' dir='ltr'><strong><em>αὐτοῖς</em></strong></span> <span class='ocrx_word' id='word_1_54' title='bbox 675 1001 732 1068; x_wconf 79' lang='grc' dir='ltr'><strong><em>καί</em></strong></span> <span class='ocrx_word' id='word_1_55' title='bbox 748 1001 952 1088; x_wconf 76' lang='grc' dir='ltr'><strong><em>κειρομένων</em></strong></span> <span class='ocrx_word' id='word_1_56' title='bbox 969 1013 1038 1069; x_wconf 79' lang='grc' dir='ltr'><strong><em>τῶν</em></strong></span> <span class='ocrx_word' id='word_1_57' title='bbox 1052 1001 1180 1087; x_wconf 81' lang='grc' dir='ltr'><strong><em>ἀγρῶν·</em></strong></span> 
     </span>
     <span class='ocr_line' id='line_1_9' title="bbox 165 1106 1181 1195; baseline -0.001 -21"><span class='ocrx_word' id='word_1_58' title='bbox 165 1111 277 1175; x_wconf 81' lang='grc' dir='ltr'><strong><em>ἔπειτα</em></strong></span> <span class='ocrx_word' id='word_1_59' title='bbox 306 1112 615 1195; x_wconf 74' lang='grc' dir='ltr'><strong><em>καταφρονήσαντες</em></strong></span> <span class='ocrx_word' id='word_1_60' title='bbox 643 1120 710 1174; x_wconf 85' lang='grc' dir='ltr'><strong><em>τῶν</em></strong></span> <span class='ocrx_word' id='word_1_61' title='bbox 735 1106 903 1194; x_wconf 87' lang='grc' dir='ltr'><strong><em>Ῥωμαίων</em></strong></span> <span class='ocrx_word' id='word_1_62' title='bbox 931 1111 976 1187; x_wconf 78' lang='grc' dir='ltr'><strong><em>ὡς</em></strong></span> <span class='ocrx_word' id='word_1_63' title='bbox 1002 1109 1043 1175; x_wconf 91' lang='grc' dir='ltr'><strong><em>οὐ</em></strong></span> <span class='ocrx_word' id='word_1_64' title='bbox 1073 1112 1181 1192; x_wconf 82' lang='grc' dir='ltr'><strong><em>πολλή</em></strong></span> 
     </span>
     <span class='ocr_line' id='line_1_10' title="bbox 166 1213 1182 1302; baseline -0.001 -21"><span class='ocrx_word' id='word_1_65' title='bbox 166 1216 307 1300; x_wconf 91' lang='grc' dir='ltr'><strong><em>δυνάμει</em></strong></span> <span class='ocrx_word' id='word_1_66' title='bbox 328 1218 505 1301; x_wconf 83' lang='grc' dir='ltr'><strong><em>παρόντων</em></strong></span> <span class='ocrx_word' id='word_1_67' title='bbox 524 1213 728 1300; x_wconf 77' lang='grc' dir='ltr'><strong><em>ἐξεβοήθουν</em></strong></span> <span class='ocrx_word' id='word_1_68' title='bbox 747 1213 784 1280; x_wconf 90' lang='grc' dir='ltr'><strong><em>ἐκ</em></strong></span> <span class='ocrx_word' id='word_1_69' title='bbox 803 1223 861 1299; x_wconf 81' lang='grc' dir='ltr'><strong><em>τῆς</em></strong></span> <span class='ocrx_word' id='word_1_70' title='bbox 874 1213 1054 1281; x_wconf 82' lang='grc' dir='ltr'><strong><em>Ἀντιατῶν</em></strong></span> <span class='ocrx_word' id='word_1_71' title='bbox 1072 1217 1182 1302; x_wconf 82' lang='grc' dir='ltr'><strong><em>χώρας</em></strong></span> 
     </span>
     <span class='ocr_line' id='line_1_11' title="bbox 126 1319 1182 1407; baseline 0 -21"><span class='ocrx_word' id='word_1_72' title='bbox 126 1345 152 1386; x_wconf 74' lang='grc' dir='ltr'><strong><em>ιο</em></strong></span> <span class='ocrx_word' id='word_1_73' title='bbox 164 1323 206 1388; x_wconf 84' lang='grc' dir='ltr'><strong><em>τά</em></strong></span> <span class='ocrx_word' id='word_1_74' title='bbox 224 1321 311 1387; x_wconf 81' lang='grc' dir='ltr'><strong><em>ὅπλα</em></strong></span> <span class='ocrx_word' id='word_1_75' title='bbox 329 1320 536 1407; x_wconf 84' lang='grc' dir='ltr'><strong><em>ἁρπάσαντες</em></strong></span> <span class='ocrx_word' id='word_1_76' title='bbox 553 1319 688 1406; x_wconf 86' lang='grc' dir='ltr'><strong><em>ἀθρόοι,</em></strong></span> <span class='ocrx_word' id='word_1_77' title='bbox 710 1321 871 1406; x_wconf 81' lang='grc' dir='ltr'><strong><em>ταχύτερα</em></strong></span> <span class='ocrx_word' id='word_1_78' title='bbox 889 1326 1016 1406; x_wconf 86' lang='grc' dir='ltr'><strong><em>μᾶλλον</em></strong></span> <span class='ocrx_word' id='word_1_79' title='bbox 1034 1321 1055 1405; x_wconf 88' lang='grc' dir='ltr'><strong><em>ή</em></strong></span> <span class='ocrx_word' id='word_1_80' title='bbox 1076 1320 1182 1407; x_wconf 83' lang='grc' dir='ltr'><strong><em>ἀσφα-</em></strong></span> 
     </span>
     <span class='ocr_line' id='line_1_12' title="bbox 166 1423 1182 1513; baseline -0.001 -19"><span class='ocrx_word' id='word_1_81' title='bbox 166 1427 303 1513; x_wconf 88' lang='grc' dir='ltr'><strong><em>λέστερα</em></strong></span> <span class='ocrx_word' id='word_1_82' title='bbox 332 1427 602 1512; x_wconf 83' lang='grc' dir='ltr'><strong><em>βουλευσάμενοι.</em></strong></span> <span class='ocrx_word' id='word_1_83' title='bbox 657 1429 688 1492; x_wconf 85' lang='grc' dir='ltr'><strong><em>εί</em></strong></span> <span class='ocrx_word' id='word_1_84' title='bbox 716 1424 777 1511; x_wconf 73' lang='grc' dir='ltr'><strong><em>μὲν</em></strong></span> <span class='ocrx_word' id='word_1_85' title='bbox 809 1423 872 1494; x_wconf 84' lang='grc' dir='ltr'><strong><em>οὐν</em></strong></span> <span class='ocrx_word' id='word_1_86' title='bbox 904 1431 1059 1512; x_wconf 88' lang='grc' dir='ltr'><strong><em>ἐφθασαν</em></strong></span> <span class='ocrx_word' id='word_1_87' title='bbox 1094 1427 1182 1493; x_wconf 87' lang='grc' dir='ltr'><strong><em>ἐσκε-</em></strong></span> 
     </span>
     <span class='ocr_line' id='line_1_13' title="bbox 167 1531 1183 1621; baseline 0 -21"><span class='ocrx_word' id='word_1_88' title='bbox 167 1533 344 1620; x_wconf 86' lang='grc' dir='ltr'><strong><em>δασμένοις</em></strong></span> <span class='ocrx_word' id='word_1_89' title='bbox 365 1544 436 1611; x_wconf 78' lang='grc' dir='ltr'><strong><em>τοῖς</em></strong></span> <span class='ocrx_word' id='word_1_90' title='bbox 452 1531 624 1619; x_wconf 87' lang='grc' dir='ltr'><strong><em>Ῥωμαίοις</em></strong></span> <span class='ocrx_word' id='word_1_91' title='bbox 642 1532 857 1619; x_wconf 76' lang='grc' dir='ltr'><strong><em>ἐπιφανέντες</em></strong></span> <span class='ocrx_word' id='word_1_92' title='bbox 880 1534 917 1600; x_wconf 89' lang='grc' dir='ltr'><strong><em>ἐκ</em></strong></span> <span class='ocrx_word' id='word_1_93' title='bbox 936 1545 997 1601; x_wconf 86' lang='grc' dir='ltr'><strong><em>τοῦ</em></strong></span> <span class='ocrx_word' id='word_1_94' title='bbox 1016 1533 1183 1621; x_wconf 89' lang='grc' dir='ltr'><strong><em>ἀπροσδο-</em></strong></span> 
     </span>
     <span class='ocr_line' id='line_1_14' title="bbox 166 1637 1183 1726; baseline -0.002 -20"><span class='ocrx_word' id='word_1_95' title='bbox 166 1643 281 1724; x_wconf 87' lang='grc' dir='ltr'><strong><em>κήτου,</em></strong></span> <span class='ocrx_word' id='word_1_96' title='bbox 305 1640 451 1725; x_wconf 78' lang='grc' dir='ltr'><strong><em>μεγάλην</em></strong></span> <span class='ocrx_word' id='word_1_97' title='bbox 474 1639 517 1706; x_wconf 85' lang='grc' dir='ltr'><strong><em>ἀν</em></strong></span> <span class='ocrx_word' id='word_1_98' title='bbox 541 1640 651 1705; x_wconf 82' lang='grc' dir='ltr'><strong><em>αὐτῶν</em></strong></span> <span class='ocrx_word' id='word_1_99' title='bbox 674 1640 870 1726; x_wconf 81' lang='grc' dir='ltr'><strong><em>εἰργάσαντο</em></strong></span> <span class='ocrx_word' id='word_1_100' title='bbox 893 1643 1032 1726; x_wconf 90' lang='grc' dir='ltr'><strong><em>τροπήν·</em></strong></span> <span class='ocrx_word' id='word_1_101' title='bbox 1055 1652 1125 1708; x_wconf 90' lang='grc' dir='ltr'><strong><em>νῦν</em></strong></span> <span class='ocrx_word' id='word_1_102' title='bbox 1147 1637 1183 1706; x_wconf 75' lang='grc' dir='ltr'><strong><em>δὲ</em></strong></span> 
     </span>
     <span class='ocr_line' id='line_1_15' title="bbox 167 1747 1183 1834; baseline 0 -22"><span class='ocrx_word' id='word_1_103' title='bbox 167 1750 436 1834; x_wconf 76' lang='grc' dir='ltr'><strong><em>προαισθόμενος</em></strong></span> <span class='ocrx_word' id='word_1_104' title='bbox 461 1749 523 1831; x_wconf 88' lang='grc' dir='ltr'><strong><em>τήν</em></strong></span> <span class='ocrx_word' id='word_1_105' title='bbox 552 1748 676 1832; x_wconf 78' lang='grc' dir='ltr'><strong><em>ἔφοδον</em></strong></span> <span class='ocrx_word' id='word_1_106' title='bbox 703 1747 815 1813; x_wconf 83' lang='grc' dir='ltr'><strong><em>αὐτῶν</em></strong></span> <span class='ocrx_word' id='word_1_107' title='bbox 843 1748 861 1814; x_wconf 88' lang='grc' dir='ltr'>ὁ</span> <span class='ocrx_word' id='word_1_108' title='bbox 889 1747 1014 1824; x_wconf 81' lang='grc' dir='ltr'><strong><em>ὕπατος</em></strong></span> <span class='ocrx_word' id='word_1_109' title='bbox 1037 1749 1096 1813; x_wconf 86' lang='grc' dir='ltr'><strong><em>διά</em></strong></span> <span class='ocrx_word' id='word_1_110' title='bbox 1118 1759 1183 1813; x_wconf 79' lang='grc' dir='ltr'><strong><em>τῶν</em></strong></span> 
     </span>
     <span class='ocr_line' id='line_1_16' title="bbox 128 1851 1184 1941; baseline 0 -23"><span class='ocrx_word' id='word_1_111' title='bbox 128 1877 154 1919; x_wconf 82' lang='grc' dir='ltr'><strong><em>ω</em></strong></span> <span class='ocrx_word' id='word_1_112' title='bbox 168 1851 422 1922; x_wconf 79' lang='grc' dir='ltr'><strong><em>ἀποσταλέντων</em></strong></span> <span class='ocrx_word' id='word_1_113' title='bbox 449 1853 503 1919; x_wconf 79' lang='grc' dir='ltr'><strong><em>ἐπὶ</em></strong></span> <span class='ocrx_word' id='word_1_114' title='bbox 529 1855 588 1931; x_wconf 83' lang='grc' dir='ltr'><strong><em>τάς</em></strong></span> <span class='ocrx_word' id='word_1_115' title='bbox 612 1855 836 1939; x_wconf 81' lang='grc' dir='ltr'><strong><em>κατασκοπάς,</em></strong></span> <span class='ocrx_word' id='word_1_116' title='bbox 866 1853 1045 1938; x_wconf 87' lang='grc' dir='ltr'><strong><em>ἀνακλήσει</em></strong></span> <span class='ocrx_word' id='word_1_117' title='bbox 1071 1857 1184 1941; x_wconf 75' lang='grc' dir='ltr'><strong><em>ταχείᾳ</em></strong></span> 
     </span>
     <span class='ocr_line' id='line_1_17' title="bbox 168 1959 1183 2046; baseline -0.003 -19"><span class='ocrx_word' id='word_1_118' title='bbox 168 1965 247 2039; x_wconf 80' lang='grc' dir='ltr'><strong><em>τοὺς</em></strong></span> <span class='ocrx_word' id='word_1_119' title='bbox 264 1960 301 2026; x_wconf 89' lang='grc' dir='ltr'><strong><em>έν</em></strong></span> <span class='ocrx_word' id='word_1_120' title='bbox 315 1970 387 2037; x_wconf 84' lang='grc' dir='ltr'><strong><em>ταίς</em></strong></span> <span class='ocrx_word' id='word_1_121' title='bbox 404 1970 588 2046; x_wconf 77' lang='grc' dir='ltr'><strong><em>προνομαῖς</em></strong></span> <span class='ocrx_word' id='word_1_122' title='bbox 606 1959 866 2044; x_wconf 76' lang='grc' dir='ltr'><strong><em>ἐσκεδασμένους</em></strong></span> <span class='ocrx_word' id='word_1_123' title='bbox 884 1960 1074 2044; x_wconf 80' lang='grc' dir='ltr'><strong><em>ἀναλαβών,</em></strong></span> <span class='ocrx_word' id='word_1_124' title='bbox 1091 1959 1183 2040; x_wconf 89' lang='grc' dir='ltr'><strong><em>τάξιν</em></strong></span> 
     </span>
     <span class='ocr_line' id='line_1_18' title="bbox 133 2065 1183 2152; baseline -0.002 -20"><span class='ocrx_word' id='word_1_125' title='bbox 133 2067 281 2145; x_wconf 79' lang='grc' dir='ltr'><strong><em>3αὐτοϊς</em></strong></span> <span class='ocrx_word' id='word_1_126' title='bbox 308 2065 457 2132; x_wconf 86' lang='grc' dir='ltr'><strong><em>ἀπέδωκε</em></strong></span> <span class='ocrx_word' id='word_1_127' title='bbox 489 2069 552 2152; x_wconf 89' lang='grc' dir='ltr'><strong><em>τήν</em></strong></span> <span class='ocrx_word' id='word_1_128' title='bbox 579 2069 626 2144; x_wconf 85' lang='grc' dir='ltr'><strong><em>είς</em></strong></span> <span class='ocrx_word' id='word_1_129' title='bbox 652 2069 799 2151; x_wconf 90' lang='grc' dir='ltr'><strong><em>πόλεμον</em></strong></span> <span class='ocrx_word' id='word_1_130' title='bbox 827 2065 1064 2152; x_wconf 84' lang='grc' dir='ltr'><strong><em>ἁρμόττουσαν.</em></strong></span> <span class='ocrx_word' id='word_1_131' title='bbox 1117 2077 1183 2142; x_wconf 77' lang='grc' dir='ltr'><strong><em>τοῖς</em></strong></span> 
     </span>
     <span class='ocr_line' id='line_1_19' title="bbox 169 2171 1183 2260; baseline 0 -21"><span class='ocrx_word' id='word_1_132' title='bbox 169 2171 207 2239; x_wconf 79' lang='grc' dir='ltr'><strong><em>δέ</em></strong></span> <span class='ocrx_word' id='word_1_133' title='bbox 232 2174 458 2252; x_wconf 87' lang='grc' dir='ltr'><strong><em>Οὐολούσκοις</em></strong></span> <span class='ocrx_word' id='word_1_134' title='bbox 481 2177 544 2240; x_wconf 81' lang='grc' dir='ltr'><strong><em>σὺν</em></strong></span> <span class='ocrx_word' id='word_1_135' title='bbox 567 2175 812 2259; x_wconf 88' lang='grc' dir='ltr'><strong><em>καταφρονήσει</em></strong></span> <span class='ocrx_word' id='word_1_136' title='bbox 834 2171 889 2239; x_wconf 82' lang='grc' dir='ltr'><strong><em>καὶ</em></strong></span> <span class='ocrx_word' id='word_1_137' title='bbox 912 2174 1032 2260; x_wconf 87' lang='grc' dir='ltr'><strong><em>θάρσει</em></strong></span> <span class='ocrx_word' id='word_1_138' title='bbox 1057 2182 1183 2259; x_wconf 84' lang='grc' dir='ltr'><strong><em>χωρού-</em></strong></span> 
     </span>
     <span class='ocr_line' id='line_1_20' title="bbox 170 2279 1184 2369; baseline -0.003 -23"><span class='ocrx_word' id='word_1_139' title='bbox 170 2301 237 2364; x_wconf 91' lang='grc' dir='ltr'><strong><em>σιν,</em></strong></span> <span class='ocrx_word' id='word_1_140' title='bbox 260 2282 304 2358; x_wconf 82' lang='grc' dir='ltr'><strong><em>ὡς</em></strong></span> <span class='ocrx_word' id='word_1_141' title='bbox 326 2283 415 2368; x_wconf 76' lang='grc' dir='ltr'><strong><em>παρὰ</em></strong></span> <span class='ocrx_word' id='word_1_142' title='bbox 439 2280 541 2359; x_wconf 81' lang='grc' dir='ltr'><strong><em>δόξαν</em></strong></span> <span class='ocrx_word' id='word_1_143' title='bbox 564 2279 670 2365; x_wconf 81' lang='grc' dir='ltr'><strong><em>ἐφάνη</em></strong></span> <span class='ocrx_word' id='word_1_144' title='bbox 694 2291 886 2346; x_wconf 83' lang='grc' dir='ltr'><strong><em>συνεστῶσα</em></strong></span> <span class='ocrx_word' id='word_1_145' title='bbox 906 2279 942 2346; x_wconf 94' lang='grc' dir='ltr'><strong><em>ἐν</em></strong></span> <span class='ocrx_word' id='word_1_146' title='bbox 961 2285 1075 2369; x_wconf 78' lang='grc' dir='ltr'><strong><em>κόσμῳ</em></strong></span> <span class='ocrx_word' id='word_1_147' title='bbox 1099 2289 1184 2345; x_wconf 82' lang='grc' dir='ltr'><strong><em>πάσα</em></strong></span> 
     </span>
     <span class='ocr_line' id='line_1_21' title="bbox 131 2385 1184 2472; baseline 0 -22"><span class='ocrx_word' id='word_1_148' title='bbox 131 2387 191 2470; x_wconf 81' lang='grc' dir='ltr'><strong><em>εοή</em></strong></span> <span class='ocrx_word' id='word_1_149' title='bbox 214 2397 282 2452; x_wconf 82' lang='grc' dir='ltr'><strong><em>τῶν</em></strong></span> <span class='ocrx_word' id='word_1_150' title='bbox 299 2392 468 2472; x_wconf 87' lang='grc' dir='ltr'><strong><em>πολεμίων</em></strong></span> <span class='ocrx_word' id='word_1_151' title='bbox 487 2387 640 2471; x_wconf 89' lang='grc' dir='ltr'><strong><em>δύναμις,</em></strong></span> <span class='ocrx_word' id='word_1_152' title='bbox 664 2385 740 2463; x_wconf 85' lang='grc' dir='ltr'><strong><em>δέος</em></strong></span> <span class='ocrx_word' id='word_1_153' title='bbox 757 2385 908 2471; x_wconf 88' lang='grc' dir='ltr'><strong><em>ἐμπίπτει</em></strong></span> <span class='ocrx_word' id='word_1_154' title='bbox 925 2389 1009 2472; x_wconf 86' lang='grc' dir='ltr'><strong><em>πρὸς</em></strong></span> <span class='ocrx_word' id='word_1_155' title='bbox 1027 2388 1090 2470; x_wconf 85' lang='grc' dir='ltr'><strong><em>τήν</em></strong></span> <span class='ocrx_word' id='word_1_156' title='bbox 1108 2385 1184 2451; x_wconf 84' lang='grc' dir='ltr'><strong><em>ἀδό-</em></strong></span> 
     </span>
     <span class='ocr_line' id='line_1_22' title="bbox 169 2489 1184 2579; baseline -0.005 -19"><span class='ocrx_word' id='word_1_157' title='bbox 169 2516 271 2579; x_wconf 89' lang='grc' dir='ltr'><strong><em>κητον</em></strong></span> <span class='ocrx_word' id='word_1_158' title='bbox 295 2495 392 2579; x_wconf 81' lang='grc' dir='ltr'><strong><em>όψιν,</em></strong></span> <span class='ocrx_word' id='word_1_159' title='bbox 417 2492 474 2560; x_wconf 84' lang='grc' dir='ltr'><strong><em>καλ</em></strong></span> <span class='ocrx_word' id='word_1_160' title='bbox 495 2503 556 2561; x_wconf 88' lang='grc' dir='ltr'><strong><em>τοῦ</em></strong></span> <span class='ocrx_word' id='word_1_161' title='bbox 578 2489 640 2578; x_wconf 65' lang='grc' dir='ltr'><strong><em>μέν</em></strong></span> <span class='ocrx_word' id='word_1_162' title='bbox 662 2503 780 2559; x_wconf 84' lang='grc' dir='ltr'><strong><em>κοινοῦ</em></strong></span> <span class='ocrx_word' id='word_1_163' title='bbox 802 2501 861 2576; x_wconf 83' lang='grc' dir='ltr'><strong><em>τῆς</em></strong></span> <span class='ocrx_word' id='word_1_164' title='bbox 887 2492 1068 2578; x_wconf 86' lang='grc' dir='ltr'><strong><em>ἀσφαλείας</em></strong></span> <span class='ocrx_word' id='word_1_165' title='bbox 1091 2492 1184 2558; x_wconf 88' lang='grc' dir='ltr'><strong><em>οὐδε-</em></strong></span> 
     </span>
     <span class='ocr_line' id='line_1_23' title="bbox 170 2592 1238 2688; baseline -0.008 -21"><span class='ocrx_word' id='word_1_166' title='bbox 170 2605 229 2687; x_wconf 92' lang='grc' dir='ltr'><strong><em>μία</em></strong></span> <span class='ocrx_word' id='word_1_167' title='bbox 255 2604 408 2688; x_wconf 90' lang='grc' dir='ltr'><strong><em>φροντίς,</em></strong></span> <span class='ocrx_word' id='word_1_168' title='bbox 434 2608 492 2684; x_wconf 78' lang='grc' dir='ltr'><strong><em>τῆς</em></strong></span> <span class='ocrx_word' id='word_1_169' title='bbox 519 2597 549 2664; x_wconf 77' lang='grc' dir='ltr'><strong><em>δ’</em></strong></span> <span class='ocrx_word' id='word_1_170' title='bbox 578 2601 665 2676; x_wconf 80' lang='grc' dir='ltr'><strong><em>ἰδίας</em></strong></span> <span class='ocrx_word' id='word_1_171' title='bbox 693 2596 818 2688; x_wconf 77' lang='grc' dir='ltr'><strong><em>ἑκάστῳ</em></strong></span> <span class='ocrx_word' id='word_1_172' title='bbox 849 2592 1013 2685; x_wconf 88' lang='grc' dir='ltr'><strong><em>σωτηρίας</em></strong></span> <span class='ocrx_word' id='word_1_173' title='bbox 1034 2603 1238 2684; x_wconf 74' lang='grc' dir='ltr'><strong><em>πρόνοιαλιόλ</em></strong></span> 
     </span>
     <span class='ocr_line' id='line_1_24' title="bbox 169 2701 1183 2793; baseline -0.004 -18"><span class='ocrx_word' id='word_1_174' title='bbox 169 2706 435 2793; x_wconf 76' lang='grc' dir='ltr'><strong><em>ὑποστρέψαντες</em></strong></span> <span class='ocrx_word' id='word_1_175' title='bbox 468 2705 510 2788; x_wconf 86' lang='grc' dir='ltr'><strong><em>δή</em></strong></span> <span class='ocrx_word' id='word_1_176' title='bbox 539 2707 583 2783; x_wconf 80' lang='grc' dir='ltr'><strong><em>όος</em></strong></span> <span class='ocrx_word' id='word_1_177' title='bbox 612 2701 703 2791; x_wconf 76' lang='grc' dir='ltr'><strong><em>εἶχον</em></strong></span> <span class='ocrx_word' id='word_1_178' title='bbox 733 2705 864 2772; x_wconf 77' lang='grc' dir='ltr'><strong><em>ἕκαστοι</em></strong></span> <span class='ocrx_word' id='word_1_179' title='bbox 894 2705 1013 2792; x_wconf 89' lang='grc' dir='ltr'><strong><em>τάχους</em></strong></span> <span class='ocrx_word' id='word_1_180' title='bbox 1042 2707 1183 2791; x_wconf 78' lang='grc' dir='ltr'><strong><em>ἔφευγον</em></strong></span> 
     </span>
     <span class='ocr_line' id='line_1_25' title="bbox 171 2808 1183 2897; baseline -0.004 -17"><span class='ocrx_word' id='word_1_181' title='bbox 171 2817 267 2881; x_wconf 77' lang='grc' dir='ltr'><strong><em>ἄλλοι</em></strong></span> <span class='ocrx_word' id='word_1_182' title='bbox 294 2812 364 2880; x_wconf 87' lang='grc' dir='ltr'><strong><em>κατ’</em></strong></span> <span class='ocrx_word' id='word_1_183' title='bbox 392 2815 494 2890; x_wconf 87' lang='grc' dir='ltr'><strong><em>ἀλλας</em></strong></span> <span class='ocrx_word' id='word_1_184' title='bbox 521 2812 633 2890; x_wconf 85' lang='grc' dir='ltr'><strong><em>ὁδούς·</em></strong></span> <span class='ocrx_word' id='word_1_185' title='bbox 664 2810 719 2877; x_wconf 82' lang='grc' dir='ltr'><strong><em>καὶ</em></strong></span> <span class='ocrx_word' id='word_1_186' title='bbox 749 2813 785 2878; x_wconf 87' lang='grc' dir='ltr'><strong><em>ολ</em></strong></span> <span class='ocrx_word' id='word_1_187' title='bbox 809 2808 871 2897; x_wconf 71' lang='grc' dir='ltr'><strong><em>μέν</em></strong></span> <span class='ocrx_word' id='word_1_188' title='bbox 897 2815 1033 2889; x_wconf 90' lang='grc' dir='ltr'><strong><em>πλείους</em></strong></span> <span class='ocrx_word' id='word_1_189' title='bbox 1060 2811 1183 2878; x_wconf 84' lang='grc' dir='ltr'><strong><em>ἀπεσύ-</em></strong></span> 
     </span>
     <span class='ocr_line' id='line_1_26' title="bbox 131 2916 1183 3007; baseline -0.001 -26"><span class='ocrx_word' id='word_1_190' title='bbox 131 2941 157 2982; x_wconf 78' lang='grc' dir='ltr'><strong><em>ιι</em></strong></span> <span class='ocrx_word' id='word_1_191' title='bbox 172 2928 283 3007; x_wconf 83' lang='grc' dir='ltr'><strong><em>θησαν</em></strong></span> <span class='ocrx_word' id='word_1_192' title='bbox 305 2922 354 2998; x_wconf 88' lang='grc' dir='ltr'><strong><em>είς</em></strong></span> <span class='ocrx_word' id='word_1_193' title='bbox 376 2921 437 3004; x_wconf 82' lang='grc' dir='ltr'><strong><em>τήν</em></strong></span> <span class='ocrx_word' id='word_1_194' title='bbox 458 2921 570 3002; x_wconf 89' lang='grc' dir='ltr'><strong><em>πόλιν,</em></strong></span> <span class='ocrx_word' id='word_1_195' title='bbox 593 2918 708 3002; x_wconf 84' lang='grc' dir='ltr'><strong><em>ὀλίγον</em></strong></span> <span class='ocrx_word' id='word_1_196' title='bbox 732 2916 773 2983; x_wconf 94' lang='grc' dir='ltr'><strong><em>δέ</em></strong></span> <span class='ocrx_word' id='word_1_197' title='bbox 792 2941 825 2983; x_wconf 93' lang='grc' dir='ltr'><strong><em>τι</em></strong></span> <span class='ocrx_word' id='word_1_198' title='bbox 848 2926 975 3003; x_wconf 82' lang='grc' dir='ltr'><strong><em>στῖφος,</em></strong></span> <span class='ocrx_word' id='word_1_199' title='bbox 1004 2917 1023 2983; x_wconf 87' lang='grc' dir='ltr'><strong><em>δ</em></strong></span> <span class='ocrx_word' id='word_1_200' title='bbox 1046 2918 1183 3002; x_wconf 87' lang='grc' dir='ltr'><strong><em>μάλιστα</em></strong></span> 
     </span>
     <span class='ocr_line' id='line_1_27' title="bbox 170 3022 1183 3113; baseline -0.005 -20"><span class='ocrx_word' id='word_1_201' title='bbox 170 3022 213 3112; x_wconf 82' lang='grc' dir='ltr'><strong><em>ήν</em></strong></span> <span class='ocrx_word' id='word_1_202' title='bbox 237 3025 512 3111; x_wconf 82' lang='grc' dir='ltr'><strong><em>συντεταγμένου,</em></strong></span> <span class='ocrx_word' id='word_1_203' title='bbox 535 3028 583 3104; x_wconf 86' lang='grc' dir='ltr'><strong><em>είς</em></strong></span> <span class='ocrx_word' id='word_1_204' title='bbox 606 3027 705 3113; x_wconf 84' lang='grc' dir='ltr'><strong><em>όρους</em></strong></span> <span class='ocrx_word' id='word_1_205' title='bbox 722 3026 799 3090; x_wconf 83' lang='grc' dir='ltr'><strong><em>τινά</em></strong></span> <span class='ocrx_word' id='word_1_206' title='bbox 817 3025 969 3113; x_wconf 85' lang='grc' dir='ltr'><strong><em>κορυφήν</em></strong></span> <span class='ocrx_word' id='word_1_207' title='bbox 992 3023 1183 3112; x_wconf 89' lang='grc' dir='ltr'><strong><em>ἀναδραμὸν</em></strong></span> 
     </span>
     <span class='ocr_line' id='line_1_28' title="bbox 171 3131 1182 3218; baseline -0.007 -18"><span class='ocrx_word' id='word_1_208' title='bbox 171 3132 227 3200; x_wconf 80' lang='grc' dir='ltr'><strong><em>καί</em></strong></span> <span class='ocrx_word' id='word_1_209' title='bbox 260 3133 407 3218; x_wconf 88' lang='grc' dir='ltr'><strong><em>θέμενον</em></strong></span> <span class='ocrx_word' id='word_1_210' title='bbox 438 3131 585 3200; x_wconf 86' lang='grc' dir='ltr'><strong><em>ἐνταῦθα</em></strong></span> <span class='ocrx_word' id='word_1_211' title='bbox 615 3133 654 3196; x_wconf 86' lang='grc' dir='ltr'><strong><em>τδι</em></strong></span> <span class='ocrx_word' id='word_1_212' title='bbox 684 3132 769 3197; x_wconf 82' lang='grc' dir='ltr'><strong><em>ὅπλα</em></strong></span> <span class='ocrx_word' id='word_1_213' title='bbox 802 3131 864 3216; x_wconf 87' lang='grc' dir='ltr'><strong><em>τήν</em></strong></span> <span class='ocrx_word' id='word_1_214' title='bbox 894 3131 1057 3198; x_wconf 84' lang='grc' dir='ltr'><strong><em>ἐπιοῦσαν·</em></strong></span> <span class='ocrx_word' id='word_1_215' title='bbox 1083 3132 1182 3197; x_wconf 88' lang='grc' dir='ltr'><strong><em>νύκτα</em></strong></span> 
     </span>
    </p>
   </div>
   <div class='ocr_carea' id='block_1_3' title="bbox 172 3320 1180 3524">
    <p class='ocr_par' dir='ltr' id='par_1_3' title="bbox 172 3320 1180 3524">
     <span class='ocr_line' id='line_1_29' title="bbox 244 3320 1180 3404; baseline -0.006 -24"><span class='ocrx_word' id='word_1_216' title='bbox 244 3323 475 3399; x_wconf 83' lang='grc' dir='ltr'><strong><em>6&lt;ή&gt;νέσχοντο</em></strong></span> <span class='ocrx_word' id='word_1_217' title='bbox 493 3323 539 3378; x_wconf 92' lang='lat' dir='ltr'><strong><em>Bb</em></strong></span> <span class='ocrx_word' id='word_1_218' title='bbox 565 3326 569 3394; x_wconf 75' lang='grc' dir='ltr'><strong><em>λ</em></strong></span> <span class='ocrx_word' id='word_1_219' title='bbox 600 3320 629 3378; x_wconf 77' lang='grc' dir='ltr'><strong><em>οἱ</em></strong></span> <span class='ocrx_word' id='word_1_220' title='bbox 645 3323 752 3378; x_wconf 78' lang='lat' dir='ltr'><strong>add.B</strong></span> <span class='ocrx_word' id='word_1_221' title='bbox 826 3330 859 3378; x_wconf 79' lang='lat'><strong><em>16</em></strong></span> <span class='ocrx_word' id='word_1_222' title='bbox 879 3322 985 3386; x_wconf 83' lang='grc' dir='ltr'><strong><em>σκοπὰς</em></strong></span> <span class='ocrx_word' id='word_1_223' title='bbox 1003 3324 1081 3391; x_wconf 55' lang='lat' dir='ltr'><strong><em>ABp,</em></strong></span> <span class='ocrx_word' id='word_1_224' title='bbox 1126 3325 1180 3404; x_wconf 26' lang='lat'><strong><em>‘19</em></strong></span> 
     </span>
     <span class='ocr_line' id='line_1_30' title="bbox 172 3389 1180 3524; baseline -0.008 -72"><span class='ocrx_word' id='word_1_225' title='bbox 172 3395 378 3524; x_wconf 52' lang='grc' dir='ltr'><strong><em>φριρέδρῇργξ</em></strong></span> <span class='ocrx_word' id='word_1_226' title='bbox 484 3402 516 3450; x_wconf 81' lang='lat'><strong><em>21</em></strong></span> <span class='ocrx_word' id='word_1_227' title='bbox 538 3395 656 3464; x_wconf 84' lang='grc' dir='ltr'><strong><em>οὐδεμία</em></strong></span> <span class='ocrx_word' id='word_1_228' title='bbox 675 3393 830 3490; x_wconf 76' lang='grc' dir='ltr'><strong><em>ούδενλέτ’</em></strong></span> <span class='ocrx_word' id='word_1_229' title='bbox 852 3389 888 3464; x_wconf 80' lang='grc' dir='ltr'><strong><em>ἦν</em></strong></span> <span class='ocrx_word' id='word_1_230' title='bbox 908 3395 1023 3466; x_wconf 82' lang='grc' dir='ltr'><strong><em>φροντὶς</em></strong></span> <span class='ocrx_word' id='word_1_231' title='bbox 1041 3412 1064 3451; x_wconf 81' lang='lat' dir='ltr'><strong><em>c.</em></strong></span> <span class='ocrx_word' id='word_1_232' title='bbox 1083 3391 1180 3448; x_wconf 80' lang='lat' dir='ltr'><strong>Re1ske</strong></span> 
     </span>
    </p>
   </div>
   <div class='ocr_carea' id='block_1_4' title="bbox 0 0 1298 3972">
    <p class='ocr_par' dir='ltr' id='par_1_4' title="bbox 0 0 1298 3972">
     <span class='ocr_line' id='line_1_31' title="bbox 0 0 1298 3972; baseline 0 0"><span class='ocrx_word' id='word_1_233' title='bbox 0 0 1298 3972; x_wconf 95' lang='lat' dir='ltr'><strong><em> </em></strong></span> 
     </span>
    </p>
   </div>
  </div>
 </body>
</html>
