2586 3972
187 187 326 298 ιιε4
612 236 779 288 -ο-

188 396 409 482 ἐμβοήσαντες
437 395 559 480 ἀθρόοι
586 399 762 483 κακιζούσῃ
789 407 830 483 τῇ
855 407 952 484 φωνή
975 401 1034 465 τὸν
1057 400 1199 484 ήγεμόνα

188 503 400 587 ἐλοιδόρουν,
430 503 474 580 ὡς
498 507 643 580 πολλοὺς
665 514 763 588 σφῶν
785 502 841 569 καὶ
863 503 1016 588 ἀγαθοὺς
1038 505 1260 572 ἀπολωλε-ισισ

187 613 267 676 κότα
299 608 344 676 δι’
376 610 530 698 ἀπειρίαν
561 620 622 676 τού
654 622 864 697 στρατηγεῖν·
897 609 952 676 καὶ
984 613 1068 698 άλλη
1097 618 1200 696 πολλή

187 719 380 804 βλασφημίᾳ
403 714 459 781 καὶ
481 717 702 801 ἀγανακτήσει
724 718 927 804 χρησάμενοι
949 719 1044 783 λύειν
1066 720 1126 784 τὸν
1149 719 1201 802 χά-

161 843 273 908 ερακα
295 821 350 888 καὶ
374 823 514 905 ἀπάγειν
537 832 623 909 σφᾶς
645 825 693 900 εἰς
714 825 775 908 τήν
797 826 898 890 πόλιν
920 822 1053 907 ήξίουν,
1076 825 1122 901 ὡς
1145 825 1201 910 οὐχ

190 929 324 1005 ίκανοὺς
347 927 536 1014 ἐσομένους,
560 928 619 994 ἐάν
642 928 780 994 ἐπίωσιν
803 930 839 995 ολ
857 928 1022 1014 πολέμιοι,
1044 930 1202 1017 δευτέραν

153 1035 366 1119 ὅὺπομεϊναι
388 1036 505 1122 μάχην.
541 1034 596 1101 καὶ
615 1023 691 1102 οὔτε
711 1036 1011 1120 μεταδιδάσκοντος
1028 1035 1201 1104 ἐπείθοντο

188 1151 248 1207 τοῦ
270 1142 443 1227 ἡγεμόνος,
466 1140 536 1208 οὔτ’
559 1141 812 1228 ὀλοφυρομένου
830 1137 886 1207 καὶ
906 1144 1112 1221 ἱκετεύοντος
1130 1147 1203 1209 ἐπα-

190 1251 271 1333 σχόν
293 1272 326 1314 τι
348 1250 431 1335 πρὸς
453 1251 510 1326 τάς
533 1250 673 1334 δεήσεις,
697 1245 765 1314 οὔτ’
790 1247 926 1326 ἀπειλάς
946 1247 1002 1314 καὶ
1020 1248 1202 1333 ἀνατάσεις,

151 1377 176 1416 ιο
190 1356 288 1422 ὁπότε
311 1353 366 1421 καὶ
388 1357 523 1432 ταύταις
545 1357 717 1441 χρήσαιτο,
740 1353 785 1422 δι’
808 1357 982 1441 εὐλαβείας
1005 1357 1203 1441 ἐλάμβανον,

188 1460 272 1527 ἀλλά
294 1463 377 1548 πρὸς
399 1463 528 1527 ἅπαντα
552 1465 794 1547 τραχυνόμενοι
816 1472 919 1528 ταῦτα
943 1462 1108 1547 διέμενον.
1154 1487 1203 1528 το-

189 1569 292 1652 σαύτη
309 1565 339 1633 δ’
354 1566 495 1655 ἀναρχία
513 1566 569 1633 καί
587 1571 832 1655 καταφρόνησις
849 1579 909 1635 τοῦ
927 1570 1091 1654 ήγεμόνος
1105 1579 1203 1635 πᾶσιν

189 1672 222 1751 ἐξ
245 1673 356 1739 αὐτῶν
374 1673 532 1761 παρέστη,
555 1675 637 1740 ὥστε
656 1674 732 1758 περὶ
750 1673 852 1760 μέσας
868 1678 990 1753 νύκτας
1009 1676 1203 1754 ἐξαναστάν-

188 1803 241 1856 τες
263 1779 321 1857 τάς
343 1803 378 1845 τε
402 1782 525 1865 σκηνάς
545 1783 645 1847 έλυον
663 1779 718 1847 καὶ
736 1782 776 1846 τά
795 1782 881 1848 ὅπλα
898 1780 1134 1867 ἀνελάμβανον
1152 1779 1203 1846 καλ
1277 1853 1278 1856 ¹

149 1906 174 1945 ιε
188 1889 266 1965 τοὺς
287 1890 489 1973 τραυματίας
512 1886 691 1972 ἐβάσταζον
713 1888 853 1965 οὐδενὸς
874 1891 1104 1965 κελεύσαντος.

256 1991 333 2058 IIII.
369 1991 477 2059 Ταῦθ’
505 1994 524 2059 δ
553 1997 735 2080 στρατηγὸς
761 1995 882 2079 μαθὼν
904 1995 1103 2080 ήναγκάσθη
1127 2004 1202 2061 πᾶσι

189 2101 309 2165 δοῦναι
329 2102 367 2165 τὸ
385 2100 601 2186 παράγγελμα
619 2109 678 2184 τῆς
695 2098 813 2178 ἐξόδου
833 2102 945 2177 δείσας
962 2101 1024 2183 τήν
1042 2099 1203 2187 ἀναρχίαν

191 2204 302 2270 αὐτῶν
324 2203 380 2270 καὶ
402 2207 439 2270 τὸ
462 2206 600 2292 θράσος.
642 2208 677 2271 σί
698 2204 728 2271 δ’
753 2206 863 2292 ὥσπερ
887 2204 923 2270 ε’κ
946 2215 1055 2291 φυγῆς
1077 2206 1204 2272 ἀνασω-
1276 2207 1277 2254 ι

191 2312 322 2394 ζόμευοι
350 2312 441 2397 τάχει
470 2317 584 2400 πολλῷ
602 2312 823 2378 ’συνάπτουσι
852 2321 891 2397 τῇ
921 2315 1015 2378 πόλει
1043 2312 1122 2399 περὶ
1149 2315 1205 2378 τὸν

150 2438 177 2478 ιο
191 2417 330 2501 όρθρον.
374 2415 430 2481 καὶ
453 2418 490 2482 σί
510 2416 562 2482 ἐπὶ
585 2429 652 2483 τῶν
675 2429 792 2504 τειχῶν
815 2417 1053 2514 ἀγνοήσαντες,
1077 2419 1130 2484 ότι
1153 2422 1258 2503 ‹pl-lm

164 2507 264 2587 ὶλιον
291 2516 334 2606 ήν
363 2524 564 2609 στράτευμα,
592 2524 676 2589 όπλα
703 2520 732 2588 τ’
760 2523 937 2589 ἐνεδύοντο
964 2521 1019 2588 καὶ
1042 2524 1205 2609 ἀλλήλους

190 2629 386 2713 ἀνεκάλουν,
408 2630 429 2712 ή
452 2626 481 2694 τ’
509 2631 592 2715 ἀλλη
615 2633 722 2713 πόλις,
745 2630 790 2708 ὡς
812 2628 866 2696 ἐπὶ
888 2640 1045 2717 συμφορᾷ
1069 2632 1204 2716 μεγάλη,

190 2744 332 2823 ταραχῆς
355 2733 501 2818 ἐγεγόνει
524 2737 625 2820 μεστή
644 2734 700 2800 καὶ
717 2738 885 2822 θορύβου·
908 2735 964 2802 καὶ
983 2737 1024 2802 ού
1042 2741 1204 2822 πρότερον

190 2841 339 2932 ἀνέῳξαν
362 2841 474 2918 αὐτοῖς
498 2842 556 2918 τὰς
577 2843 684 2919 πύλας
706 2843 742 2908 οί
762 2844 922 2928 φύλακες,
950 2843 971 2927 ή
994 2845 1150 2927 λαμπράν
1172 2865 1203 2906 τε
1274 2901 1275 2914 ,

151 2970 176 3010 ιο
191 2947 317 3033 ἡμέραν
341 2945 499 3030 γενέσθαι
522 2945 578 3012 καὶ
599 2955 795 3031 γνωσθῆναι
812 2951 850 3014 τὸ
869 2949 993 3014 οίκεϊσν
1013 2949 1202 3034 στράτευμα.
1229 2999 1232 3006 .

182 3083 184 3090 ·
263 3077 275 3123 l
301 3065 499 3142 ἐμβοησάντων
522 3068 574 3122 AB
594 3086 663 3126 corr.
683 3069 805 3140 Sylburg
830 3072 834 3136 Ι
860 3070 1006 3134 κακίζουσι
1023 3077 1057 3140 τή
1075 3089 1107 3125 τε
1126 3075 1203 3138 φωνή

191 3173 223 3182 -
245 3141 294 3194 καλ
312 3139 518 3210 ἐλοιδόρουνΑ
586 3141 751 3209 θάγαθοδις
769 3139 877 3208 ἀνδρας
896 3156 917 3193 ο.
937 3138 1042 3194 Reiske
1108 3141 1203 3195 θούτε

190 3211 240 3274 τὰς
258 3211 375 3273 ἀπειλὰς
394 3228 417 3266 ε.
436 3209 540 3264 Reiske
562 3214 565 3282 ή
586 3211 753 3274 ἀναστάσεις
771 3211 817 3263 Ba
910 3215 942 3264 10
962 3209 1142 3284 χρήσ<αι>το
1159 3209 1202 3264 Bb

193 3278 817 3351 fflffiafflmaflmffinfflmfflX4w
892 3281 1203 3348 ΙΘωωωαΟὼύ

192 3352 256 3407 obs.
276 3372 302 3421 p.
319 3359 370 3408 173
443 3358 478 3406 24
497 3353 621 3420 φύλακες
638 3351 656 3420 ἢ
676 3351 807 3422 λαμπρὰν
824 3351 849 3404 Β
867 3371 897 3420 φ.
918 3350 969 3414 ἕως
987 3353 1120 3422 λαμπρὰν
1133 3351 1201 3412 AC}

132 3537 140 3552 .
192 3492 250 3547 lein
267 3493 383 3547 Hermes
401 3493 420 3548 L
435 3495 454 3548 l.

192 3441 220 3477 τε
240 3423 304 3477 add.
324 3423 346 3476 B
402 3430 435 3478 2⁶
455 3423 498 3477 ότι
516 3421 621 3478 οἰκεῖον
641 3441 697 3493 στρ.
716 3422 763 3478 vel
782 3421 887 3478 οίκεῖον
906 3419 939 3477 δν
957 3423 988 3477 τὸ
1008 3441 1065 3493 στρ.
1086 3441 1109 3478 e.
1125 3424 1201 3477 Hert·
1272 3505 1273 3508 Ἴ
