2586 3972
545 178 711 259 ’.Θ-
1072 181 1137 246 283

9 383 10 404 ι
118 341 201 414 σίως
231 332 319 403 εἶναι
348 341 392 423 μὴ
423 338 658 424 βουλομένους.
704 339 891 425 γινομένων
919 343 982 426 γδιρ
1010 345 1138 411 τούτου

9 457 10 490 ῑ
117 443 246 520 πολλοῖς
269 442 405 522 ἐλπίδας
422 441 515 530 εἶχον
533 445 626 530 ἡξειν
646 445 699 512 ἐπὶ
717 449 755 513 τὸ
775 449 973 533 στρατήγιον
991 449 1138 528 ἅπαντας

8 607 10 642 5
119 550 390 634 ἀγανακτοῦντας
417 550 471 616 καὶ
499 556 731 637 καταβοῶντας
752 550 808 617 καλ
831 555 1026 631 κελεύοντας
1049 555 1138 638 ἡγεῖ·
1166 615 1170 623 .

8 643 9 648 ¹
118 663 203 722 σθαι
226 669 322 741 σφῶν
346 656 399 723 ἐπὶ
422 661 499 736 τοὺς
521 663 713 744 πολεμίους·
740 659 820 746 ὅπερ
843 658 898 724 καλ
922 659 1056 745 συνέβη.
1093 661 1138 738 ὡς
1157 668 1177 732 3

117 765 182 849 γὰρ
205 763 348 848 ἤρξαντο
367 766 424 842 τὰς
443 765 580 844 ἐξόδους
597 775 657 831 τοῦ
675 767 818 851 χιίρακος
837 765 1081 853 ἀποταφρεύειν
1103 791 1138 833 τε
1165 787 1178 828 τ

92 868 174 935 καλ
205 869 439 958 ἀποσταυροῦν
470 873 505 938 οῖ
532 870 699 958 πολέμιοι,
732 875 1141 968 δυσανασχετήσαντεςί
1105 898 1123 940 ο

48 994 115 1043 175⁷
119 974 274 1061 Ρωμαῖοι
298 975 352 1042 έπλ
378 987 424 1066 τῷ
451 981 554 1067 ἔργῳ,
580 977 661 1055 τέως
683 975 745 1063 μὲν
766 1004 827 1045 κατ
829 977 915 1046 ’ίόλ
900 985 1007 1064 ίγους,
1035 976 1133 1046 ἔπειτ’

117 1082 242 1169 ἀθρόοι
265 1083 506 1171 συντρέχοντες
523 1083 576 1150 ἐπὶ
598 1087 656 1161 τδις
679 1087 802 1168 σκηνὰς
824 1097 891 1152 τῶν
913 1086 1050 1152 ὑπάτων
1069 1086 1137 1151 ἐκε-

116 1190 285 1276 κροίγεσοίν
313 1214 348 1256 τε
375 1189 431 1256 καλ
459 1193 644 1278 προδοσίαν
668 1191 781 1269 αὐτοῖς
804 1192 1002 1276 ἐνεκάλουν,
1030 1191 1140 1258 καὶ
1108 1195 1140 1258 ε

117 1299 163 1381 μὴ
188 1321 238 1373 τις
259 1296 417 1381 ἡγήσεται
440 1302 536 1383 σφίσι
559 1307 616 1382 τῆς
638 1297 768 1382 ἐξόδου,
792 1300 868 1385 δίχα
886 1298 1024 1364 ἐκείνων
1043 1296 1138 1364 αὐτοὶ
1153 1319 1178 1358 ιο

8 1399 9 1434 ³
117 1404 164 1468 τδ
187 1403 274 1470 ὅπλα
302 1405 432 1488 ἔχοντες
455 1403 509 1469 ἐπὶ
532 1408 609 1482 τοὺς
632 1409 812 1490 πολεμίους
835 1407 951 1488 ἔλεγον
974 1403 1137 1482 ἐξελεύσε-

8 1543 9 1546 “
118 1516 211 1574 σθαι.
257 1510 303 1587 ὡς
326 1507 358 1575 δ’
381 1509 414 1589 ἐξ
438 1509 594 1576 ἁπάντων
617 1511 744 1595 ἐγίνετο
767 1520 877 1593 τοῦτο,
900 1521 1054 1597 παρεῖναι
1077 1511 1136 1574 τὸν
1155 1515 1176 1576 4
1201 1513 1202 1516 ’

57 1661 59 1665 -
117 1619 260 1704 χρόνον,
287 1617 328 1682 ὃν
354 1615 568 1701 περιέμενον,
595 1618 631 1682 οί
651 1616 828 1704 στρατηγοὶ
850 1621 1047 1702 νομίσαντες
1070 1614 1138 1681 ε’κέ-

8 1747 9 1786 ι
117 1729 221 1788 λευον
248 1733 318 1798 τοῖς
340 1721 518 1809 ὑπηρέταις
541 1729 720 1805 συγκαλεῖν
742 1726 780 1790 τὸ
803 1729 932 1806 πλῆθος
954 1726 1002 1800 είς
1024 1723 1138 1806 ἐκκλη-

117 1833 209 1894 σίαν·
233 1827 289 1894 καὶ
312 1831 490 1915 προελθὼν
515 1831 643 1914 Φάβιος
665 1831 777 1896 τοιοίδε
800 1827 884 1895 εἷπε
1085 1886 1087 1892 .
1152 1847 1177 1887 1⁶

186 1933 297 2018 VIIII.
329 1938 476 2017 Βραδεῖα
505 1959 566 2020 μεν
593 1935 614 2018 ἡ
643 1934 905 2020 ἀγανόκτησις“
888 1946 984 2019 υμῶν
1011 1913 1137 2016 γίνεται

8 2115 9 2132 ¹
116 2039 195 2125 περὶ
223 2036 273 2107 ὧν
299 2042 477 2129 ὑβρίζεσθε
506 2043 571 2108 ὑπὸ
595 2054 662 2108 τῶν
685 2046 869 2127 πολεμίων,
897 2042 1018 2127 οίνδρες
1041 2057 1134 2128 στρα-

119 2151 238 2212 τιῶταί
263 2171 298 2213 τε
325 2147 380 2213 καὶ
408 2149 580 2233 ἡγεμόνες·
612 2147 668 2214 καὶ
697 2151 734 2214 τὸ
762 2150 970 2232 βουλόμενον
999 2144 1138 2214 ἑκάστου

118 2265 241 2340 χωρεῖν
265 2254 365 2338 ὁμόσε
388 2266 459 2331 τοῖς
476 2253 640 2331 ἐναντίοις
659 2257 745 2322 πολὺ
763 2263 824 2319 τοῦ
843 2251 979 2329 δέοντος
996 2252 1138 2341 ὕστερον

7 2373 8 2434 j
118 2363 326 2445 φαινόμενον
357 2361 469 2444 ἄωρόν
502 2359 579 2427 ἐστι.
630 2363 831 2446 παλαίτερον
863 2359 926 2444 γδρ
959 2361 1005 2424 ἔτι
1039 2358 1134 2426 τοῦδ’
1152 2381 1178 2420 ιο

7 2483 8 2486 ’
119 2467 206 2551 ὑμᾶς
234 2468 302 2532 ἔδει
329 2466 501 2553 πράττειν,
530 2467 583 2532 ὅτε
610 2477 744 2552 πρῶτον
771 2464 892 2541 αὐτοὺς
914 2466 1018 2530 εῖδετε
1041 2491 1138 2531 κατα-

120 2577 299 2658 βαίνοντας
326 2571 362 2638 έκ
388 2583 456 2638 τῶν
479 2573 653 2657 ε’ρυμοίτων
676 2570 731 2636 καὶ
755 2571 860 2657 μάχης
882 2572 996 2656 ἄρχειν
1019 2575 1139 2654 βουλο-

121 2679 253 2764 μένους.
298 2681 371 2744 τότε
389 2680 462 2764 ’γὰρ
487 2680 595 2760 δὴπου
618 2679 718 2754 καλὸς
740 2677 759 2744 ὁ
782 2676 938 2764 περὶτῆς
960 2677 1139 2761 ἡγεμονίας

56 2781 163 2870 ιιοθὴν
186 2785 279 2869 ἀγὼν
301 2783 357 2850 καλ
379 2795 439 2851 τοῦ
457 2782 626 2868 Ῥωμαίων
648 2785 860 2870 φρονήματος
883 2781 983 2862 ίίξιοςι
1019 2792 1084 2849 νῦν
1104 2779 1139 2848 δ’

122 2891 301 2976 ἀναγκαῖος
318 2893 382 2976 ἡδη
402 2895 540 2975 γίνεται,
559 2879 614 2955 καλ
633 2887 722 2974 οὐδ’,
741 2889 783 2955 δν
802 2893 839 2957 τὸ
858 2888 1034 2977 κράτιστον
1053 2890 1178 2975 λάβητε
1275 2892 1283 2907 ”

121 2997 230 3080 τέλος,
263 2995 386 3082 ὁμοίως
417 3001 526 3075 καλός.
576 2993 614 3063 εὖ
647 2993 685 3063 δὲ
717 2995 773 3062 καὶ
804 3007 868 3063 νῦν
900 3007 1023 3061 ποιεῖτε
1052 2997 1174 3080 δμως2

121 3103 428 3188 ἐπανορθώσασθαι
464 3105 525 3187 τὴν
557 3106 746 3190 βραδυτὴτα
778 3106 978 3187 βουλόμενοι
1012 3100 1066 3166 καὶ
1098 3103 1139 3166 τδι

193 3375 208 3422 ’ί
229 3365 291 3422 ἔπε
281 3387 339 3422 τα
359 3367 381 3419 Β
456 3373 487 3422 15
507 3367 659 3437 παρελθὼν
678 3365 698 3420 0
718 3368 747 3420 et
765 3364 895 3420 Hertlein
914 3365 1030 3420 Hermes
1045 3365 1070 3418 X
1085 3371 1138 3420 414

123 3443 156 3492 18
174 3458 204 3494 τε
224 3439 288 3492 add.
309 3441 330 3492 Β
404 3445 438 3492 20
457 3439 627 3506 παλαίτερον
645 3436 699 3507 γὰρ
720 3453 774 3494 om
795 3439 841 3490 Βε.
