2586 3972
515 238 683 286 -Η-
1040 223 1140 304 237'

90 391 153 479 μὲν
176 394 308 463 διέλυσε
332 396 394 479 τὴν
417 394 609 482 ἐκκλησίαν,
636 408 709 473 ταῖς
731 394 761 462 δ’
789 393 863 482 ἑξῆς
889 395 1026 484 ἡμέραις
1049 396 1107 483 ιἰρ·

89 506 236 587 ρωστίαν
263 505 489 587 σκηπτόμενος
516 501 625 569 οὐκέτι
653 497 847 589 κατέβαινεν
874 506 922 582 είς
944 506 1006 589 την
1029 503 1106 588 ἀγο-

88 610 165 694 ράν,
189 607 262 676 ἀλλ’
282 608 460 695 ὑπομένων
479 612 580 677 ἐνδον
597 610 860 696 ἐπραγματεύετο
883 614 940 699 βίᾳ
962 609 1018 675 καί
1040 633 1106 697 χει-

87 720 251 805 ροκρασίᾳ
264 729 412 802 κυρῶσαι
430 719 490 783 τὸν
503 719 623 802 νόμον·
641 715 698 783 καὶ
715 715 935 803 μετεπέμπετο
950 720 1106 783 Λατίνων

86 846 121 888 τε
144 821 203 888 καὶ
221 820 384 908 Ἑρνίκων
407 824 508 902 ὅσους
530 823 672 890 ἐδύνατο
690 828 865 901 πλείστους
887 821 941 894 ἐπὶ
963 825 1025 908 τὴν
1043 833 1106 907 ψη-
1134 843 1147 885 ι

86 933 269 1017 φοφορίαν.
319 931 356 996 οί
384 927 422 997 δέ
454 927 624 1018 συνῄεσαν
656 929 794 1016 ἀθρόοι,
825 928 881 999 καὶ
913 924 957 996 δι’
987 930 1141 1014 ὀλίγουί)

87 1037 190 1121 μεστὴ
214 1025 327 1115 ξένων
341 1032 385 1122 ἦν
407 1037 428 1121 ἡ
451 1040 555 1115 πόλις.
600 1047 703 1104 ταῦτα
726 1039 847 1123 μαθών
870 1038 888 1104 ὁ
909 1037 1107 1124 Οὐεργίνιος

87 1142 437 1230 κηρύττειν-ἐκέλευσε
460 1146 543 1211 κατὰ
565 1147 644 1222 τοὺς
667 1148 856 1222 στενωποὺς
874 1143 1006 1211 ἀπιέναι
1028 1147 1107 1221 τοὺς

87 1251 130 1334 μὴ
155 1260 393 1329 κατοικοῦντας
411 1249 449 1317 ε’ν
467 1260 506 1337 τῇ
523 1253 631 1334 Ιπόλει,
653 1253 777 1336 χρόνον
796 1250 911 1337 ὁρίσας
929 1251 970 1317 ού
988 1252 1106 1316 πολύν.

87 1356 105 1422 ὁ
129 1352 168 1421 δέ
188 1357 336 1434 Κάσσιος
357 1357 517 1424 τάναντία
534 1356 685 1423 ἐκέλευσε
708 1358 881 1444 κηρύττειν
903 1354 1107 1444 παραμένειν
1121 1378 1147 1418 ιο

87 1465 166 1541 τοὺς
190 1461 386 1548 μετέχοντας
407 1475 466 1550 τῆς
492 1467 729 1549 ἰσοπολιτείας,
758 1463 820 1541 ἕως
846 1463 889 1530 ἂν
913 1462 1105 1548 ἐπικυρωθῇ

86 1568 242 1654 ὁνόμος.

152 1675 308 1741 LXXIII.
343 1674 400 1754 Ὡς
423 1675 455 1742 δ’
476 1673 578 1743 οὐδέν
600 1676 728 1761 ἐγίνετο
750 1676 863 1764 πέρας,
886 1679 1056 1755 δείσαντες
1074 1676 1109 1744 οί

84 1785 267 1868 πατρίκιοι,
289 1784 334 1868 μὴ
357 1786 481 1868 ψήφων
503 1780 539 1848 δ’
565 1782 710 1870 ἁρπαγαὶ
732 1781 788 1849 καὶ
811 1795 931 1870 χειρῶν
954 1781 1107 1868 ἐπιβολαὶ

85 1889 252 1973 γένωνται
270 1887 326 1954 καὶ
344 1890 440 1972 ἄλλα,
463 1889 525 1955 ὅσα
543 1895 637 1975 φιλεῖ
651 1893 744 1976 βίαια
764 1894 961 1976 συμβαίνειν
979 1888 1017 1954 ἐν
1036 1899 1106 1966 ταῖς
1120 1909 1146 1949 ιι

32 1997 343 2074 ιοειστασιαζούσαις
356 1994 544 2082 ἐκκλησίαις
557 1996 799 2082 εἰσφερομένου
817 2007 877 2062 τοῦ
891 2000 1009 2082 νόμον,
1027 2013 1106 2061 συν-

85 2108 198 2186 ηλδον
226 2104 273 2180 είς
301 2105 339 2169 τὸ
363 2102 542 2190 συνέδριον
564 2104 609 2181 ὡς
630 2100 716 2190 ὑπὲρ
740 2103 895 2169 ἁπάντων
919 2102 1003 2182 ἅπαξ
1026 2106 1106 2187 βου-

87 2212 296 2294 λευσόμενοι.
325 2208 465 2288 ’Ἁππιος
477 2206 539 2294 μέν
553 2206 616 2277 οὖν
629 2221 758 2295 πρῶτος
772 2208 952 2296 ἐρωτηθεὶς
969 2210 1107 2295 γνώμην

87 2316 149 2383 οὐκ
172 2323 226 2382 εία
249 2329 434 2403 συγχωρεῖν
457 2325 502 2405 τῷ
531 2319 625 2406 δημφ
653 2319 715 2402 τὴν
738 2318 903 2402 διανομὴν
926 2318 1142 2402 διδύσκων,2

88 2423 132 2501 ώς
154 2425 300 2510 χαλεπὸς
316 2427 407 2490 ἔσται
425 2421 481 2489 καὶ
499 2423 694 2509 ἀλυσιτελὴς
712 2424 868 2500 σύνοικος
890 2425 988 2509 δχλος
1006 2422 1107 2508 ἀργὸς
1122 2443 1148 2484 ιο

88 2528 243 2608 ἐθισθεὶς
265 2532 306 2596 τὰ
329 2532 473 2615 δημόσια
496 2532 679 2617 λιχνεύειν,
708 2529 764 2595 καί
786 2525 892 2596 οὐδέν
916 2529 1006 2595 ἐάσει
1027 2526 1107 2595 ποτέ

87 2649 156 2703 τῶν
178 2649 305 2704 κοινῶν
328 2638 404 2703 ούτε
426 2637 600 2722 κτημάτων
623 2637 700 2702 ούτε
723 2637 901 2723 χρημάτων
920 2637 967 2700 ἔτι
991 2638 1107 2701 κοινὸν

87 2741 217 2827 μένειν·
252 2744 411 2828 αἰσχύνης
444 2741 472 2809 τ’
507 2741 601 2821 ἄξιον
632 2751 767 2828 πρᾶγμα
800 2738 887 2808 εἶναι
920 2740 1046 2826 λέγων,
1077 2743 1118 2808 εί,

87 2852 242 2918 Κασσίου
262 2859 522 2935 κατηγοροῦντες
541 2849 586 2926 ὡς
603 2849 733 2935 πονηρὰ
751 2846 807 2915 καὶ
820 2848 997 2934 ἀσύμφορα
1013 2852 1107 2913 πολι-

87 2956 274 3043 τευομένου
297 2955 433 3023 καὶτὸν
456 2958 563 3041 δῆμον
586 2957 855 3042 διαφθείροντος,
883 2952 980 3020 ἔπειτ’
1010 2952 1105 3020 αύτοὶ
1119 2974 1145 3048 ετ
1179 2993 1185 3012 .-

87 3074 184 3150 κοινη
210 3065 326 3150 γνώμη
348 3060 439 3130 ταῦτ’
463 3062 728 3149 ἐπικυρώσουσιν
746 3063 791 3140 ὡς
813 3064 924 3128 δίκαια
947 3059 1002 3126 καὶ
1026 3078 1108 3145 συμ-
1274 3141 1279 3151 Ι

89 3169 250 3256 φέροντα·
283 3168 509 3255 ἐνθυμεῖσθαί
536 3167 564 3235 τ’
597 3171 720 3246 αὐτοὺς
752 3167 872 3253 ἀξιῶν,
904 3168 949 3245 ὡς
981 3165 1054 3258 οὐδ’
1085 3167 1107 3250 ἡ
1177 3217 1180 3224 .

88 3278 184 3363 χάρις
207 3276 228 3360 ἡ
251 3278 340 3362 παρὰ
362 3287 429 3342 τῶν
451 3280 619 3361 πενήτων,
646 3279 677 3342 εἰ
698 3276 738 3342 τδι
759 3277 856 3342 κοινὰ
879 3276 1107 3359 διανείμαιντο

113 3501 120 3522 Ι
164 3425 235 3556 ’ίΒῆν
255 3425 340 3503 supra
358 3433 407 3488 lin.
427 3433 523 3504 script.
539 3433 585 3489 Bb
602 3433 637 3503 Ιὸ
658 3433 750 3490 om.B
805 3433 1029 3488 Mustvmssa
1074 3439 1106 3487 11

89 3523 158 3568 τεως
205 3521 223 3558 a
