2660 3976
177 251 240 317 106
599 255 761 303 -Ζ-

174 421 246 491 τίας
272 416 403 500 ἔχοντες
429 415 488 480 τὸν
517 411 720 499 Οὐαλέριον,
747 410 805 499 ὑφ’
832 409 874 480 ού
901 411 1094 494 πεισθέντες
1120 410 1195 479 έπέ-

174 531 299 604 τρεψαν
321 529 367 608 τῷ
393 522 487 610 δήμω
510 520 572 604 την
595 521 705 603 δίκην·
728 514 772 604 ην
795 518 823 585 τ’
844 521 971 605 οίμωγη
990 518 1045 586 καὶ
1065 518 1195 605 δάκρυα

175 637 243 691 τῶν
266 628 500 713 οἰκτειρόντων
522 648 556 691 τε
580 623 634 691 καὶ
657 629 920 712 προπεμπόντων
943 628 1003 694 τὸν
1026 625 1194 711 Μάρκιον.

85 747 123 762 “’
138 732 160 798 2
174 732 275 810 αὐτὸς
304 731 335 798 δ’
362 733 380 800 δ
408 732 563 818 Μάρκιος
590 728 660 797 οὔτ’
688 731 980 818 ἀνακλαυσάμενος
1008 733 1108 818 ώφθη
1135 732 1196 808 τάς

147 838 278 905 ταὺτοῦ
305 839 405 925 τύχας
433 834 503 904 οὔτ’
531 837 720 923 ἀποιμώξας
742 837 812 906 οὔτ’
838 840 920 905 ἀλλο
943 841 1046 906 εἰπὼν
1068 838 1090 923 ἣ
1114 839 1195 924 δρά-

109 937 114 946 ’
174 961 234 1022 σας
261 943 399 1023 ἀνάξιον
426 953 483 1029 τῆς
506 942 626 1011 ἑαυτοῦ
648 946 945 1032 μεγαλοφροσύνης
968 942 1041 1011 οὐδ’
1065 946 1193 1012 ὁτιοῦν·

174 1052 222 1116 ἔτι
254 1047 292 1115 δέ
323 1055 452 1135 μάλλον
484 1048 630 1134 ἐδήλωσε
660 1052 724 1135 τὴν
755 1053 972 1135 γενναιότητα
1004 1048 1060 1116 καὶ
1087 1049 1195 1136 <τὴν>

172 1160 349 1243 καρτερίαν
376 1165 434 1241 τῆς
462 1158 611 1241 γνώμης,
639 1155 752 1242 ἐπειδὴ
776 1158 888 1223 οἴκαδε
912 1155 1113 1242 ἀφικόμενος
1134 1181 1196 1240 γυ·

172 1263 272 1328 υαῖκά
290 1260 319 1327 τ’
336 1259 405 1330 είδε
424 1261 618 1347 καὶμητέρα
631 1262 945 1350 καταρρηγνυμένας
957 1265 1036 1340 τοὺς
1048 1260 1196 1342 πέπλους

82 1361 85 1368 ’
133 1390 160 1429 ιο
173 1366 228 1434 καὶ
255 1370 295 1435 τά
319 1367 439 1457 στέρνα
462 1369 648 1446 τυπτούσας
669 1367 725 1434 καὶ
749 1361 803 1436 οἷα
825 1372 913 1446 είκός
936 1366 1027 1434 ἐστιν
1050 1353 1104 1435 ἐπὶ
1126 1385 1270 1436 τοι-1474

119 1533 122 1540 .
173 1476 288 1553 αύταις
311 1486 499 1562 συμφοραῖς
520 1472 630 1559 λέγειν
653 1476 711 1553 τάς
733 1472 1021 1560 ἀποζευγνυμένας
1043 1475 1107 1542 ἀπὸ
1125 1486 1195 1542 τῶν

173 1580 445 1664 ἀναγκαιοτάτων
476 1584 572 1667 σφίσι
602 1581 765 1658 θανάτοις
791 1581 810 1666 ἢ
838 1591 961 1667 φυγαῖς
989 1579 1195 1666 ἀναβοώσας.

141 1682 281 1752 δούθδν
303 1687 367 1771 γάρ
390 1687 473 1772 πρὸς
496 1688 535 1752 τὰ
558 1687 686 1774 δάκρυα
708 1686 764 1753 καὶ
786 1690 864 1764 τοὺς
881 1689 1033 1774 θρήνους
1049 1698 1117 1753 τῶν
1134 1711 1195 1770 γυ-

173 1803 300 1858 ναικῶν
313 1793 451 1876 ἔπαθεν,
469 1791 702 1878 ἀσπασάμενος
720 1791 751 1860 δ’
770 1793 871 1870 αύτάς
883 1795 1002 1878 μόνον,
1019 1792 1075 1859 καλ
1088 1815 1195 1879 παρα·
1328 1847 1329 1850 ¹

133 1922 159 1963 15
173 1896 313 1976 καλέσας
330 1900 492 1982 γενναίως
510 1897 626 1984 φέρειν
643 1900 702 1976 τὰς
721 1899 905 1985 συμφοράς,
923 1901 1002 1978 τούς
1020 1923 1055 1966 τε
1073 1900 1195 1976 παῖδας

173 2006 287 2082 αὐταῖς
309 2001 636 2089 παρακαταθέμενος·
660 2005 678 2071 ό
701 2006 765 2091 γάρ
788 2006 1010 2091 πρεσβύτερος
1032 2016 1100 2071 τών
1117 2009 1194 2071 παί-

173 2112 243 2177 δων
265 2107 309 2196 ην
332 2108 411 2176 δέκα
433 2111 579 2194 γεγονὼς
601 2113 669 2195 ἔτη,
690 2111 709 2177 ὁ
733 2108 771 2177 δὲ
794 2113 953 2194 νεώτερος
976 2114 1023 2177 έτι
1046 2111 1207 2196 ύπαγκά-·

172 2222 256 2293 λιος·
280 2219 362 2283 άλλο
386 2213 416 2282 δ’
439 2212 544 2282 ούθδν
568 2217 645 2284 οὔτε
667 2219 1002 2304 φιλοφρονησάμενος
1022 2218 1123 2302 <ούτε
1142 2220 1194 2284 δι-

173 2322 411 2407 οικησάμενος)
441 2313 492 2399 οἷς
521 2324 569 2399 είς
597 2324 660 2407 την
688 2325 801 2410 φυγὴν
830 2326 1015 2409 χρήσεσθαι
1045 2327 1193 2409 ἔμελλεν,

133 2450 159 2490 ιο
173 2425 260 2514 ἐξῄει
289 2429 371 2493 κατὰ
402 2429 553 2514 σπουδὴν
583 2427 636 2496 ἐπὶ
665 2430 723 2507 τὰς
749 2431 856 2507 πύλας
882 2428 1001 2497 οὐθενί
1029 2430 1193 2515 δηλώσας,

172 2533 248 2600 ὅποι
271 2533 333 2617 τὴν
356 2532 551 2618 ἀπαλλαγὴν
573 2536 755 2621 ποιήσοιτο.

239 2629 391 2704 LXVIII.
424 2637 569 2724 Ὀλίγαις
595 2639 627 2706 δ’
652 2642 795 2729 ὕστερον
822 2639 958 2728 ἡμέραις
979 2649 1106 2727 καθῆκε
1129 2639 1193 2728 μέν

173 2748 191 2814 δ
210 2757 276 2813 τῶν
295 2745 514 2832 ἀρχαιρεσιῶν
532 2751 656 2833 καιρός,
674 2749 795 2815 ύπατοι
814 2747 845 2814 δ’
861 2748 1108 2835 ἀπεδείχθησαν
1124 2748 1191 2815 ὑπὸ

172 2863 231 2919 τοῦ
255 2855 364 2938 δόμου
383 2856 526 2931 Κόιντος
543 2858 747 2933 Σουλπίκιος
764 2860 953 2942 Καμερῖνος
974 2854 1029 2922 καὶ
1048 2854 1263 2940 Σέργιοςιετο

246 3052 259 3099 1
282 3043 493 3118 π<ει>σθέντες
510 3046 533 3100 Β
607 3053 623 3102 ’1
642 3047 760 3117 καλιὴν
779 3047 930 3119 καρτερίαν
949 3063 972 3102 ο.
991 3045 1136 3117 Kiessling
1155 3047 1191 3101 cf.

173 3114 289 3169 Suidam
314 3135 335 3172 ε.
356 3135 382 3173 v.
405 3115 538 3187 Μάρκιος
612 3124 643 3172 13
669 3117 723 3188 γὰρ
747 3118 812 3172 add.
833 3117 856 3171 B
930 3124 963 3172 16
988 3116 1191 3188 παραθέμενος

171 3185 224 3238 ΑΒ
243 3185 515 3257 παρακαταθέμενος
537 3206 561 3244 ο.
580 3188 683 3244 Reiske
709 3195 713 3248 Ι
739 3188 826 3259 ὁγὰρ
846 3219 879 3230 -
897 3190 1010 3244 παίδων
1029 3189 1094 3244 add.
1113 3189 1191 3260 Bmg

173 3261 207 3310 18
228 3259 296 3380 1ροεῖ
315 3257 596 3347 φιλοφρονησάμενος
619 3259 685 3314 add.
705 3259 828 3330 Sylburg
850 3259 914 3316 ούτε
934 3260 1026 3342 λαβὼν
1045 3260 1092 3314 vel
1111 3259 1191 3313 aliud

173 3327 273 3395 sime,
292 3327 395 3383 Reiske
414 3328 463 3384 ούτ
491 3325 703 3402 ἐπιφερόμενος,
723 3329 845 3386 Sintenis
864 3331 924 3386 Em.
943 3331 1025 3386 Dlon.
1045 3331 1107 3386 124
1126 3331 1191 3386 ούτε

172 3396 388 3468 διοικησάμενος
401 3399 494 3454 verbis
504 3400 569 3455 VIII
583 3407 653 3470 41,ό
668 3401 745 3470 coll.;
761 3419 797 3456 an
811 3401 1110 3473 καταοκευασάμενοςλ
1156 3408 1191 3456 21

106 3577 109 3583 ι
172 3502 243 3559 ὅπου
267 3504 322 3558 AB
346 3490 418 3559 όπύύ
438 3505 458 3560 C
