2656 3974
578 209 749 261 ..Θ..

156 374 174 440 ὁ
193 373 382 450 συνύπατος
401 372 505 439 αὐτοῦ
519 373 708 455 Ποστόμιος
725 407 763 417 -
779 365 865 454 ἦσαν
884 365 922 434 δέ
940 366 1038 454 μέσαι
1055 369 1174 447 νύκτες

157 479 310 564 μάλιστα,
334 479 388 544 ὅτε
411 479 446 544 οί
468 479 575 554 ἱππεῖς
597 475 758 562 ἀφίκοντο
773 513 816 524 -
836 476 892 540 διδ
915 476 1069 560 κηρύκων
1091 480 1249 543 πολ-1922

157 591 226 652 λῶν
248 588 326 663 τοὺς
348 585 530 669 βουλευτάς
553 582 590 648 έκ
615 593 683 650 τῶν
706 584 822 648 οἰκιῶν
841 581 1027 648 συνεκάλει·
1050 577 1105 646 καὶ
1123 585 1176 664 γί-

158 715 248 757 νεται
277 692 384 776 δόγμα
407 695 548 775 βουλῆς,
574 686 654 777 πρὶν
677 685 804 776 ἡμέραν
827 688 981 776 λαμπρὰν
1004 685 1175 774 γενέσθαι,

130 823 143 863 ε
162 801 262 864 Τῖτον
281 793 342 881 μέν
355 799 516 863 Κοίντιον
534 797 594 862 τὸν
612 795 844 862 ὑπατεύσαντα
861 797 899 861 τὸ
913 797 1037 882 τρίτον,
1057 796 1175 880 ἔχοντα

158 906 236 981 τοὺς
267 902 508 988 ἀκμαιοτάτους
538 912 607 968 τῶν
640 900 726 968 νέων
758 903 875 981 πεζούς
906 924 941 967 τε
970 898 1026 967 καλ
1057 901 1176 987 ἱππεῖς,

160 1009 243 1095 ἀρχῇ
262 1007 474 1093 κοσμηθέντα
493 1007 676 1097 ἀνθυπάτῳ
695 1017 816 1094 χωρεῖν
835 1005 888 1072 ἐπὶ
906 1010 984 1084 τοὺς
996 1011 1175 1092 πολεμίους

159 1113 192 1192 ἐξ
216 1113 356 1199 έφόδου·
380 1109 496 1181 Αὖλον
516 1111 553 1180 δὲ
573 1117 766 1199 Ποστόμιον
790 1115 849 1180 τὸν
872 1113 985 1201 ἕτερον
1007 1125 1075 1181 των
1092 1114 1175 1179 ὑπά-

158 1243 227 1286 των
253 1221 312 1297 τὰς
339 1222 455 1298 λοιπάς
483 1220 642 1305 δυνάμεις
672 1223 920 1304 συναγαγόντα,
947 1220 986 1297 ἀς
1008 1222 1076 1286 ἔδει
1098 1245 1176 1306 χρο-

120 1353 146 1394 ιο
159 1329 320 1413 νιώτερον
353 1333 548 1411 συνελθεῖν,
582 1327 626 1404 ὡς
661 1325 704 1392 ἀν
734 1327 823 1414 αὐτῷ
854 1326 974 1412 τάχους
1004 1324 1178 1411 έγγέυηται

124 1439 309 1519 3βοηθεῖν.
346 1432 451 1518 ἡμέρα
475 1430 505 1498 δ’
524 1435 589 1518 ἤδη
613 1431 789 1518 διέφωσκε,
812 1429 867 1498 καὶ
886 1432 904 1498 ὁ
923 1434 1080 1510 Κοίντιος
1097 1449 1176 1498 συν-

158 1543 261 1626 ήγαγε
285 1542 362 1617 τοὺς
384 1539 563 1616 ἐθελοντάς
583 1542 868 1625 πεντακισχιλίους
885 1535 1016 1622 μάλιστ’
1038 1539 1176 1620 ἀνδρας·

158 1644 213 1712 καὶ
244 1646 285 1712 οὐ
313 1648 400 1711 πολὺ
428 1645 571 1731 έπισχὼν
599 1644 714 1729 ἐξῆγεν
742 1644 779 1711 έκ
806 1655 863 1729 τῆς
888 1647 1025 1722 πόλεως.
1074 1643 1172 1712 τοῦθ’

158 1751 424 1829 ὑποπτεύσαντες
447 1753 567 1835 έμενον
590 1752 625 1816 oc
641 1748 783 1818 Αἰκανοὶ
802 1748 856 1817 καὶ
875 1747 955 1837 πρὶν
975 1750 1088 1816 ἐλθεῖν
1108 1751 1177 1816 έπι-

120 1880 146 1921 15
159 1860 300 1943 κουρίαν
326 1867 395 1934 τοῖς
412 1853 582 1940 Ῥωμαίοις
610 1857 833 1944 προσβάλλειν
855 1865 901 1943 τῷ
923 1856 1041 1942 χάρακι
1065 1857 1249 1924 αὐτῶν1913

159 1962 259 2048 <καὶ>
289 1960 525 2047 διανοηθέντες
557 1964 601 2040 ὡς
633 1967 690 2051 βίᾳ
721 1960 776 2028 καὶ
808 1964 931 2047 πλήθει
963 1961 1176 2048 ἁλωσόμενον

123 2068 304 2154 4έξῆλθον
336 2068 458 2156 ἀθρόοι
490 2071 565 2155 διχῇ
597 2072 769 2154 νείμαντες
802 2069 931 2146 αὑτούς.
981 2072 1112 2152 γίνεταί
1140 2093 1176 2136 τε

162 2174 264 2260 μέγας
292 2175 383 2259 ἀγὼν
411 2172 455 2240 δι’
482 2174 561 2261 όλης
588 2185 645 2259 τῆς
672 2173 794 2262 ἡμέρας
822 2177 943 2260 ἰταμῶς
969 2175 1079 2242 αὐτῶν
1108 2175 1177 2242 έπι-

161 2284 349 2365 βαινόντων
378 2293 448 2360 τοῖς
476 2285 725 2368 προτειχίσμασι
752 2283 833 2348 κατά
860 2282 967 2348 πολλὰ
993 2279 1091 2369 με’ρη,
1120 2281 1177 2348 καὶ

120 2410 147 2450 20
161 2387 238 2452 ούτε
260 2392 394 2454 παλτῶν
416 2389 492 2454 οὔτε
515 2392 623 2473 βελῶν
646 2389 711 2455 ὑπὸ
734 2386 879 2466 τοξοτῶν
902 2389 979 2454 ούτε
1001 2388 1178 2474 χερμάδων

160 2493 224 2559 ἀπὸ
244 2495 431 2579 σφενδόνης
449 2493 638 2580 ἀφιεμένων
657 2495 878 2571 ἀδιαλείπτοις
897 2498 1012 2578 βολαῖς
1025 2493 1179 2581 ἀνειργο-

160 2597 279 2684 μένων.
314 2603 399 2666 ἔνθα
424 2601 465 2686 δη
484 2600 810 2689 παρακελευσάμενοι
829 2599 985 2684 ἀλληλοις
1003 2599 1021 2664 δ
1039 2623 1075 2665 τε
1092 2600 1178 2666 ὕπα-

160 2729 215 2784 τος
242 2703 297 2772 καὶ
325 2708 343 2774 ὁ
370 2710 573 2793 πρεσβευτὴς
599 2705 657 2793 ὑφ’
685 2707 743 2774 ἕνα
770 2708 888 2794 καιρὸν
915 2706 1178 2785 ἀναπετάσαντες

233 2896 390 2973 1μέσ<αι>
407 2899 522 2962 νύκταις
540 2899 586 2953 Βει
647 2905 663 2953 5
685 2900 780 2954 Τίτιον
798 2899 844 2952 Ba
904 2905 919 2952 9
940 2898 1179 2970 σονειςαγαγόντα

160 2969 206 3022 Ba
262 2974 294 3023 10
314 2974 462 3026 συνελθεῖν
481 2969 517 3026 διν
535 2970 637 3040 τάχους
655 2969 681 3022 A
740 2976 772 3024 11
792 2967 967 3038 διεπὲφωσκε
987 2970 1009 3024 Ο
1029 2966 1178 3039 έπέφωσκε

160 3057 184 3095 ο.
195 3039 316 3095 Dindorf
327 3042 356 3095 in
372 3043 468 3112 Steph.
478 3042 560 3097 Thes.
572 3059 593 3097 ε.
603 3058 629 3095 v.
640 3041 830 3110 διεπιφίισκω,
845 3041 984 3110 διέφωσκε
998 3058 1021 3097 ο.
1032 3041 1180 3113 Kiessling

162 3117 195 3164 12
220 3107 372 3175 ἐθέλοντας
395 3111 418 3167 0
442 3113 517 3180 quod
541 3113 595 3168 def.
615 3112 728 3166 Lobeck
751 3114 787 3166 ad
811 3112 911 3182 Phryn.
935 3131 963 3182 p.
983 3119 998 3166 7
1023 3107 1178 3176 ἐθελοντὰς

161 3182 281 3252 Sylburg
379 3189 413 3238 14
437 3183 579 3254 έμενονΟ
604 3181 717 3253 ἔμελλον
737 3200 759 3237 ο.
780 3182 901 3253 Sylburg
918 3183 990 3237 nihil
1008 3185 1180 3239 mutandum

160 3255 205 3307 est
266 3259 300 3307 16
319 3254 368 3308 καλ
386 3255 451 3309 αδδ.
469 3253 614 3324 Kiessling
634 3256 638 3323 Ι
659 3253 727 3309 ὥστε
746 3253 791 3306 Ba
852 3260 885 3308 17
905 3254 1008 3317 αὐτοῖς
1026 3255 1078 3310 ΑΒ
1143 3261 1178 3310 18

159 3324 247 3378 verba
268 3325 334 3379 inde
358 3325 393 3379 ab
418 3323 504 3395 μέγας
526 3343 614 3394 usque
639 3325 676 3380 ad
699 3320 903 3462 ἐπιβαινόντων
926 3343 980 3380 om.
1000 3325 1046 3380 Βιι
1142 3332 1179 3380 20

161 3395 249 3517 βεὺλῶν
272 3394 329 3449 ἀπὸ
353 3412 406 3452 om.
425 3397 475 3452 BC
500 3397 564 3451 add.
584 3395 658 3467 Omg
683 3399 687 3465 Ι
712 3417 743 3452 το
761 3404 831 3450 οτῖιν
851 3395 873 3449 Ο
897 3395 985 3463 τόξων
1010 3415 1032 3452 ο.
1053 3396 1180 3468 Sylburg

203 3462 240 3517 πδ
259 3481 310 3533 pro
329 3466 386 3520 ἀπὸ
406 3483 458 3536 ego
