2674 3978
165 213 209 277 50
590 215 751 264 -Ζ-

165 382 249 460 χρῆν
277 372 386 458 λέγειν
413 397 448 440 τε
470 373 526 440 καλ
548 375 704 461 πράττειν
727 371 782 439 καλ
804 375 974 460 μετὰτῶν
998 377 1185 461 συναρχόν-

164 503 232 545 των
259 482 540 566 βουλευσάμενος,
568 480 680 565 ἐπειδὴ
707 480 881 557 κάκείνους
909 483 1003 566 ἔσχεν
1032 481 1185 567 ὁμογνώ-

165 610 279 670 μονας,
302 586 421 672 ἀνέστη
444 586 499 654 καὶ
522 589 622 673 μικρά
645 585 721 673 περλ
744 597 801 670 της
822 589 1023 673 κατεχούσης
1045 591 1104 654 τὸν
1123 591 1185 673 δῆ-

164 717 229 777 μον
252 692 389 780 ἀτυχίας
409 693 661 778 ἀποδυράμενος
683 695 760 770 τούς
782 691 818 758 θ’
839 692 986 771 ὑπάτους
1009 693 1183 782 ἐπῄνεσεν,

136 799 215 864 εὸτι
238 803 340 884 λόγον
362 798 508 884 ἠξίωσαν
531 800 689 884 ὑποσχεῖν
712 812 781 878 τοῖς
804 801 962 884 δημόταις
984 801 1045 886 οὐχ
1068 800 1185 885 ὑπερι-

164 907 279 983 δόντες
311 906 421 972 αὐτῶν
452 916 510 990 τῆς
540 909 787 991 ταπεινότητος,
818 904 873 972 καλ
900 917 971 984 τοῖς
997 911 1184 991 πατρικίοις

164 1010 288 1077 εἰδέναι
311 1013 409 1098 χάριν
432 1015 571 1097 ἔφησεν,
594 1018 628 1077 εί
647 1037 696 1090 τις
719 1013 832 1090 αὐτοῖς
853 1014 917 1097 ἤδη
941 1007 1021 1079 ποτδ
1043 1010 1184 1099 φροντλς

163 1117 345 1206 εἰσέρχεται
367 1129 424 1204 τῆς
447 1123 609 1205 σωτηρίας
631 1129 699 1184 τῶν
721 1122 886 1201 πενήτων·
909 1117 965 1184 καλ
987 1121 1035 1184 ἔτι
1052 1125 1184 1204 μᾶλλον

164 1227 227 1310 ἔφη
245 1226 326 1310 μετά
344 1225 478 1290 πάντων
497 1224 768 1311 ἐκμαρτυρήσειν,
791 1223 850 1291 ἐάν
869 1225 968 1309 ὅμοια
985 1226 1183 1312 παράσχων-

123 1355 151 1396 ιο
164 1356 218 1398 ται
240 1342 309 1410 τοῖς
331 1336 443 1416 λόγοις
465 1332 505 1397 τά
528 1335 616 1417 ἔργα.

229 1438 397 1504 XXXIIII.
430 1440 547 1503 Είπὼν
576 1435 613 1502 δέ
639 1447 742 1503 ταῦτα
769 1437 824 1504 καὶ
849 1438 946 1518 δόξας
969 1437 1101 1527 μέτριος
1124 1440 1182 1526 ὀρ-

161 1545 226 1629 γην
249 1540 334 1611 εἶναι
358 1542 413 1609 καὶ
437 1545 666 1621 διαλλακτικὸς
689 1541 876 1631 ἐπιστρέφει
899 1547 983 1628 πρὸς
1005 1546 1064 1610 τὸν
1082 1545 1183 1631 Μάρ-

160 1675 236 1716 κιον
263 1653 490 1736 παρεστηκότα
516 1661 586 1727 τοῖς
612 1650 750 1726 ὑπάτοις
776 1647 831 1716 καλ
860 1649 960 1733 λέγει·
994 1654 1048 1716 Σὺ
1072 1649 1125 1735 δέ,
1147 1655 1185 1717 τί

163 1757 224 1823 οὑκ
256 1755 404 1842 ἀπολογῇ
432 1759 514 1842 πρὸς
540 1759 618 1833 τοὺς
645 1767 770 1822 σαυτοῦ
796 1760 948 1840 πολίτας,
981 1751 1006 1821 ὦ
1034 1768 1181 1841 γενναῖε,

122 1883 148 1924 ιι
162 1861 238 1947 περὶ
265 1858 314 1928 ὧν
341 1857 435 1939 εἶπας
461 1861 498 1926 έν
523 1871 561 1946 τῇ
586 1864 706 1947 βουλῇς
739 1867 865 1946 μᾶλλον
890 1859 927 1928 δὲ
950 1867 986 1929 τί
1006 1864 1067 1930 οὐκ
1090 1863 1180 1930 άυτι-

162 1974 272 2055 βολείς
294 1966 349 2034 καὶ
372 1977 512 2053 παραιτῇ
536 1970 593 2045 τάς
617 1968 718 2052 ὀργάς
738 1968 860 2052 αὐτῶν,
882 1970 938 2034 ἵνα
956 1968 1257 2057 μετριωτέρανιθεσ

163 2076 307 2142 ἐπιθῶσί
328 2091 381 2141 σοι
405 2079 536 2159 ζημίαν;
560 2073 737 2160 άρνεῖσῦαι
760 2071 822 2159 μὲν
845 2077 908 2160 γάρ
932 2076 994 2142 οὑκ
1017 2075 1059 2140 άν
1081 2074 1179 2154 ἀξιώ-

162 2187 258 2267 σαιμί
278 2199 314 2247 σε
337 2184 505 2248 τοσούτων
529 2180 662 2266 ἀνδρῶν
685 2183 825 2247 είδότων
844 2179 917 2246 οὐδ’
935 2184 981 2258 είς
999 2181 1178 2267 ἀναισχύν-

161 2313 239 2366 τους
265 2291 484 2374 καταφεύγειν
511 2288 707 2372 ἀπολογίας,
734 2288 891 2372 Μάρκιον
914 2291 995 2354 ὄντα
1017 2286 1072 2353 καλ
1094 2291 1178 2375 φρό-

120 2417 250 2479 ιονημα
277 2399 389 2479 μεῖζον
415 2395 435 2479 ἢ
463 2394 533 2460 κατ’
562 2396 698 2479 ἰδιώτην
726 2397 856 2480 ἔχοντα·
889 2397 920 2459 εί
945 2395 988 2479 μη
1017 2397 1082 2480 άρα
1109 2406 1179 2472 τοῖς

161 2498 265 2587 <μδν>
290 2500 427 2577 ὑπάτοις
453 2499 508 2566 καλ
532 2513 599 2578 τοίς
621 2505 805 2586 πατρικίοις
827 2506 934 2578 καλῶς
957 2504 1022 2587 έχει
1044 2507 1178 2570 πείθειν

161 2604 244 2695 ὑπὲρ
269 2617 331 2673 σοῦ
354 2609 413 2673 τὸν
437 2608 555 2692 δῆμον,
579 2605 633 2673 σοὶ
652 2606 681 2673 δ’
706 2608 768 2673 οὐκ
787 2608 851 2694 άρα
869 2614 977 2686 καλῶς
994 2608 1058 2687 ἕξει
1077 2608 1177 2674 ταὺτὸ

125 2722 258 2784 2τοῦτο
286 2712 361 2801 περὶ
389 2723 530 2780 σεαυτοῦ
553 2716 741 2798 ποιήσαντα
794 2717 903 2780 Ταῦτα
927 2713 955 2779 δ’
980 2717 1092 2799 έλεγεν
1115 2716 1179 2782 οὐκ

159 2977 945 3121 ιο1χλῆλλιλλλδλλλχόὺτίνΑίίναλίλΞλῖνὺ
989 2979 1177 3106 4λλπλίλς
1205 2983 1207 2987 ’

160 3139 239 3190 στητε
267 3122 290 3172 Α
386 3127 419 3173 14
445 3069 562 3175 σανὺοῦς
576 3120 623 3174 Ba
650 3070 826 3175 ἕαυτοῦμΒλ)
855 3070 942 3175 αὐλοῦ
963 3121 987 3174 Α
1086 3129 1120 3176 20
1132 3074 1178 3176 ίλεί

159 3191 196 3261 μὴ
216 3191 272 3284 άρα
292 3193 320 3244 εὑ
337 3209 363 3245 ν.
379 3197 412 3244 22
432 3190 475 3245 σολ
498 3190 530 3246 δὲ
554 3193 605 3246 οὑκ
624 3191 722 3262 άραΟ
747 3190 774 3247 εί
790 3191 842 3262 μὲν
861 3191 918 3262 ἄρα
937 3194 966 3246 εὑ
984 3211 1009 3247 v.
1025 3197 1058 3246 22
1079 3193 1123 3247 σολ
1142 3193 1174 3248 δὲ

160 3264 211 3316 οὑκ
230 3282 286 3331 αρα
304 3292 338 3301 —-
358 3260 519 3329 ποιήσαντι,
544 3280 566 3318 ο.
587 3263 699 3317 Κὺεελίει
717 3263 882 3334 Philologus
902 3269 936 3318 34
954 3266 1047 3332 (1874)
1068 3270 1119 3318 ⁷56
1139 3264 1174 3319 cf.

160 3332 282 3387 Schenkl
303 3330 436 3386 Bursiani
458 3333 521 3389 libr.
541 3351 605 3390 ann.
625 3336 700 3389 brev.
720 3353 747 3404 p.
768 3342 802 3389 53
875 3340 907 3388 21
929 3333 980 3403 μὲν
1000 3333 1064 3390 add.
1085 3334 1176 3390 Cobet

160 3404 225 3460 Obs.
244 3422 271 3473 p.
292 3409 342 3457 141
399 3409 431 3457 22
458 3405 501 3458 σολ
524 3403 552 3459 δ’
573 3404 619 3474 ἀρ’
641 3407 673 3460 οῦ
697 3405 830 3476 Sylburg‚
851 3405 906 3474 ἀρα
930 3405 983 3460 del.
1003 3404 1147 3475 Kiessling
1168 3405 1172 3477 Ι

158 3477 190 3531 τὸ
209 3477 278 3531 αὑτὸ
298 3474 320 3530 O
386 3483 419 3529 23
439 3475 515 3546 περὶ]
534 3475 604 3545 ὑπὲρ
624 3493 647 3531 e.
667 3475 755 3530 Cobet
774 3476 839 3532 Obs.
858 3494 885 3545 p.
901 3481 952 3531 141
