2656 3974
479 228 728 280 ’-Θ-
1087 229 1150 294 361

135 393 259 477 χρόνον
284 386 313 456 δ’
337 388 379 454 οὐ
401 391 510 455 πολὺν
533 387 569 455 ἐν
591 397 630 475 τῇ
654 392 796 477 πολεμίᾳ
818 391 1019 475 διατρίψασα
1041 401 1153 478 παρῆν

135 499 182 575 είς
204 497 266 580 τὴν
288 498 388 561 πόλιν
411 494 543 579 ἀπαθὴς
565 507 687 579 κακῶν,
711 499 862 582 λαμπρὸν
886 494 939 561 ἐπὶ
957 508 1025 574 τοῖς
1044 499 1153 584 ἔργοις

134 606 195 670 τὸν
219 603 403 688 στρατηγὸν
426 603 562 685 ἀγουσα.
598 602 619 686 ἡ
643 598 681 667 δὲ
698 611 744 690 τῷ
759 598 885 693 Ἀππίμ
904 602 1187 682 σννεξελθοῦσα3

136 711 279 794 δύναμις
302 713 390 794 μίσει
412 717 458 797 τῷ
481 711 564 794 πρὸς
586 709 690 775 αῦτὸν
712 711 819 777 πολλὰ
836 711 989 796 ὑπερεῖδε
1006 721 1074 776 τῶν
1092 733 1154 776 πα-

135 820 248 902 τρίων.
286 815 326 882 τά
349 838 384 881 τε
406 816 470 901 γάρ
493 817 578 881 ἀλλα
596 815 843 883 ἐθελοκακοῦσα
862 815 898 881 ἐν
918 815 979 904 όλῃ
997 825 1036 902 τῇ
1056 835 1153 904 στρα-
1180 835 1194 876 5

135 926 208 1010 τεία
224 920 281 988 καὶ
299 923 507 1008 ὀλιγωροῦσα
526 931 586 989 τοῦ
600 922 764 1008 ἡγεμόνος
778 921 950 1008 διετέλεσε,
969 922 1024 990 καὶ
1038 923 1152 1008 ἐπειδὴ

136 1029 304 1116 μάχεσθαι
328 1030 396 1094 ἔδει
418 1036 457 1114 τῇ
483 1029 709 1095 Οὐολούσκων
732 1039 883 1118 στρατιά,
910 1037 1154 1098 κατασταθεῖσα

59 1212 61 1216 y
135 1135 203 1202 ὑπὸ
225 1146 293 1202 τῶν
311 1135 485 1221 ἡγεμόνων
503 1139 551 1214 είς
568 1135 662 1214 τάξιν
680 1137 742 1203 οὐκ
758 1136 878 1221 ἠξίωσε
896 1146 967 1214 τοῖς
985 1143 1154 1223 πολεμίοις

68 1244 185 1320 εειεείς
211 1253 323 1329 χεῖρας
350 1241 448 1308 ίίναι·
481 1239 554 1309 ἀλλ’
580 1243 616 1308 ολ
640 1265 676 1307 τε
698 1241 834 1330 λοχαγοὶ
856 1243 912 1309 καῖ
935 1245 971 1310 ολ
989 1248 1154 1330 πρόμαχοι

135 1349 263 1432 αὐτῶν,
293 1349 328 1415 ολ
353 1345 414 1432 μὲν
441 1350 481 1416 τά
508 1360 627 1434 σημεῖα
654 1347 827 1435 ῥίψαντες,
855 1349 891 1414 oc
917 1345 955 1414 δὲ
977 1351 1039 1433 τὴν
1061 1349 1154 1428 τάξιν
1168 1367 1195 1408 10

135 1455 411 1539 ἐγκαταλιπόντες
440 1454 505 1522 ἐπὶ-
523 1459 582 1522 τὸν
612 1456 739 1542 χάρακα
769 1459 922 1541 ἔφευγον.
968 1453 1024 1521 καὶ
1052 1458 1083 1522 εί
1108 1457 1190 1542 μὴ4

135 1562 371 1647 θαυμάσαντες
398 1564 435 1628 τὸ
462 1563 655 1649 παράλογον
682 1571 740 1646 τῆς
766 1571 875 1647 φυγῆς
902 1562 1013 1628 αὐτῶν
1041 1562 1076 1628 ολ
1095 1583 1155 1629 πο-

137 1667 246 1753 λέμιοι
268 1671 323 1734 καὶ
347 1671 526 1754 δείσαντες,
550 1669 594 1754 μὴ
619 1667 738 1752 ἐνέδρα
760 1692 810 1747 τις
832 1662 866 1757 ᾗ,
888 1679 947 1754 τῆς
966 1666 1020 1735 ἐπὶ
1037 1674 1154 1736 πλεῖον

18 1853 19 1858 ¹
137 1774 281 1854 διώξεως
309 1775 552 1861 ἀπετράποντο,
583 1777 620 1842 τὸ
647 1780 764 1843 πλεῖον
792 1775 834 1842 ἀν
862 1774 962 1862 μέρος
988 1786 1055 1842 τῶν
1078 1773 1155 1841 Ῥω-

18 1879 19 1920 ³
137 1884 246 1966 μαίων
269 1879 464 1967 διέφθαρτο.
506 1879 644 1948 ἐποίουν
667 1879 829 1949 δὲταῦτα
852 1886 972 1972 φθόνῳ
995 1892 1056 1948 τοῦ
1079 1881 1153 1966 ἡγε-
1168 1897 1194 1939 1⁵

137 1992 251 2074 μόνος,
273 1990 330 2077 ἵνα
352 1990 397 2073 μὴ
420 1989 523 2054 καλὸν
546 1988 718 2074 ἀγώνισμα
741 1990 759 2056 ὁ
783 1989 867 2074 ἀνὴρ
892 1987 1155 2074 διαπραξάμενος

136 2095 295 2183 θριάμβῳ
317 2118 351 2160 τε
375 2093 430 2161 καὶ
453 2106 524 2172 ταῖς
545 2097 660 2174 ἀλλαις
683 2095 939 2180 ἐπιλαμπρυνθῇ
962 2107 1078 2180 τιμαῖς.
1115 2095 1191 2181 τῇὸ

138 2197 175 2266 δὲ
198 2203 337 2267 κατόπιν
359 2199 466 2289 ἡμέρᾳ
487 2203 528 2268 τά
550 2199 613 2288 μὲν
631 2202 846 2287 ἐπιτιμῶντος
863 2201 977 2279 αὐτοῖς
993 2211 1054 2269 τοῦ
1072 2202 1155 2268 ὑπά-

137 2331 198 2374 του
220 2316 279 2391 τῆς
297 2306 419 2386 ἀδόξου
438 2317 557 2393 φυγῆς,
579 2309 620 2374 τά
639 2305 677 2374 δὲ
694 2313 966 2394 παρακαλοῦντος
984 2315 1155 2395 αἴσχιστον

18 2467 19 2476 ,
138 2415 238 2498 ἔργον
262 2411 494 2480 ἀναλύσασθαι
517 2419 607 2501 καλῷ
626 2413 743 2498 ἀγῶνι,
766 2414 806 2480 τά
826 2411 857 2479 δ’
874 2413 1103 2500 ἀπειλοῦντος,
1125 2417 1157 2481 εί
1169 2431 1196 2473 2⁰

18 2518 24 2540 '
139 2520 183 2604 μὴ
212 2521 389 2603 στήσονται
416 2521 505 2606 παρά
527 2521 568 2586 τά
591 2522 701 2605 δεινά,
728 2523 914 2605 χρήσεσθαι
936 2531 1006 2597 τοῖς
1027 2525 1156 2606 νόμοις,

139 2624 295 2713 ἀπειθείᾳ
316 2648 351 2692 τε
378 2627 559 2712 διεχρῶντο
581 2628 637 2691 καλ
659 2629 805 2712 καταβοῇ
829 2623 884 2692 καὶ
907 2625 1047 2710 ἀπάγειν
1070 2635 1156 2712 σφᾶς

139 2729 294 2797 ἐκέλευον
321 2730 357 2797 ἐκ
384 2741 443 2816 τῆς
471 2735 630 2817 πολεμίας
652 2733 697 2809 ὡς
719 2730 880 2799 ἀδύνατοι
903 2735 951 2797 ἔτι
974 2733 1068 2809 ὄντες
1089 2731 1155 2798 ὑπὸ

74 2838 338 2924 λεεοτραυμάτων
356 2838 518 2924 ἀντέχειν·
537 2840 761 2924 κατεδήσαντο
779 2840 844 2925 γάρ
862 2839 972 2904 αὐτῶν
987 2839 1023 2905 οί
1037 2836 1156 2904 πολλοὶ

138 2947 217 3022 τοὺς
247 2944 353 3027 ὑγιεῖς
383 2956 510 3032 χρῶτας
539 2945 583 3023 ῶς
611 2948 824 3032 τραυματίαι·
862 2946 945 3012 ὥστε
975 2942 1197 3022 δ’Ἇππιοςεσ

213 3141 228 3191 1
253 3138 405 3208 διατρίψας
423 3137 503 3192 ABG
576 3145 592 3193 3
616 3147 672 3193 τῶν
691 3147 851 3209 στρατηγῶν
869 3137 917 3192 Ba
939 3139 944 3206 Ι
967 3135 1098 3210 ἀγουσ<α
1116 3136 1156 3210 ἡ)

140 3209 187 3263 Bb
205 3213 209 3276 Ι
226 3213 402 3263 συνελθοῦσα
422 3208 444 3264 0
464 3226 533 3264 corr.
552 3209 657 3264 Reiske
716 3209 888 3280 4δονάμεις
905 3209 952 3263 Ba
1007 3213 1041 3262 10
1060 3205 1090 3263 ολ
1105 3208 1157 3278 μὲν

141 3296 195 3335 om.
211 3279 233 3332 B
254 3282 258 3347 Ι
280 3275 415 3349 ῥίψαντες
433 3279 465 3336 δὲ
484 3277 515 3335 ολ
529 3280 581 3350 τὴν
600 3278 680 3348 τάξιν
700 3297 755 3335 om.
768 3280 827 3348 ΒΟ,
846 3279 877 3334 in
894 3280 917 3333 Β
937 3295 1034 3334 rasura
1049 3281 1158 3348 septem

141 3351 199 3406 fere
218 3349 379 3405 litterarum
434 3358 465 3406 11
487 3347 764 3426 ἔγκα<ταλιπόν>τες
777 3350 825 3404 Bb
844 3355 849 3420 Ι
871 3349 992 3421 ἔφευγον
1011 3366 1065 3404 om.
1080 3351 1157 3404 Assa

142 3428 188 3548 1}oe
199 3420 392 3547 ἀνΑεὸράποντο
410 3422 461 3477 Ac
552 3429 585 3478 21
609 3421 772 3494 χρήσασθαι
790 3420 896 3492 AOmg
981 3427 1014 3476 25
1033 3441 1158 3492 τραυμα-

141 3513 156 3548 τ
189 3513 203 3556 ς
394 3525 397 3532 ,
