2656 3974
145 229 212 294 380
568 226 736 280 -Θ-

144 415 215 469 κιος
240 381 387 477 Φούριος
409 386 464 456 καί
487 384 599 466 Αὖλος
623 387 830 473 Οὐεργίνιος.
866 381 910 470 ἦν
933 382 963 452 δ’
992 386 1054 453 οὐκ
1077 387 1163 473 ἀχει-

144 514 246 583 νισμα
274 506 354 563 πᾶσι
381 507 451 575 τοῖς
477 500 614 573 πολλοίς
638 492 693 560 καί
717 492 836 578 πένησι
853 490 1023 578 Ῥωμαίων
1046 493 1067 578 ἡ
1091 496 1164 560 δια-

145 606 231 689 νομὴ
268 613 326 689 τῆς
361 605 469 689 χώρας
505 603 550 680 ὡς
586 598 868 686 ἀπελαυνομένοις
904 609 961 684 τῆς
992 603 1164 687 πατρίδος,

147 711 271 796 ὀλίγων
292 708 320 775 τ’
344 707 635 796 ἀπογραψαμένων
658 706 750 786 ἔδοξε
768 715 807 793 τῇ
825 710 944 792 βουλῇ,
967 705 1082 792 ἐπειδὴ
1100 708 1165 774 ούκ

121 816 325 904 εάξιόχρεως
347 812 390 900 ἦν
414 816 432 883 ὁ
456 813 652 899 ἀπόστολος,
675 812 846 901 ἐπιτρέψαι
870 816 1026 880 Λατίνων
1050 812 1164 880 τεκαὶ

140 922 303 1011 Ἑρνίκων
330 933 400 999 τοῖς
426 920 645 1006 βουλομένοις
672 929 729 1005 τῆς
753 919 906 998 ἀποικίας
928 918 1085 1006 μετέχειν.
1132 920 1169 986 οἰ

145 1025 207 1114 μὲν
238 1030 279 1113 δὴ
310 1030 357 1106 εἰς
377 1026 512 1094 Ἄντιον
538 1025 777 1104 ἀποσταλέντες
804 1024 985 1110 κατένεμον
1011 1026 1073 1109 τὴν
1100 1035 1165 1110 μην

145 1145 216 1212 τοῖς
242 1132 429 1220 σφετέροις,
456 1133 577 1218 μοῖράν
605 1157 680 1198 τινα
708 1131 741 1211 ἐξ
769 1131 871 1217 αὐτῆς
893 1143 963 1209 τοῖς
982 1128 1165 1210 Ἀντιάταις

111 1241 418 1325 3ύπολειπόμενοι.
451 1239 488 1307 έν
512 1236 549 1305 δὲ
572 1247 617 1328 τῷ
641 1237 763 1325 μεταξύ
785 1242 896 1328 χρόνῳ
920 1241 1074 1324 στρατεία
1096 1251 1165 1306 τῶν

108 1374 135 1414 ιο
147 1348 282 1414 ὑπάτων
306 1345 502 1435 ἀμφοτέρων
522 1344 664 1432 ἐγένετο,
687 1348 846 1431 Αἰμιλίου
869 1342 931 1431 μὲν
949 1347 997 1423 εἰς
1016 1346 1077 1429 τὴν
1096 1351 1165 1412 Σα-

147 1458 254 1540 βίνων
280 1455 409 1540 χώραν,
440 1455 572 1538 Φαβίου
600 1449 632 1519 δ’
659 1455 707 1530 εἰς
734 1453 796 1536 τὴν
821 1455 989 1519 Αἰκανῶν.
1035 1451 1091 1518 καί
1117 1462 1163 1541 τῳ

148 1559 209 1646 μὲν
236 1563 383 1650 Αἰμιλίῳ
415 1563 522 1627 πολὺν
556 1559 593 1626 ἐν
621 1569 661 1646 τῇ
691 1562 832 1648 πολεμία
861 1562 1011 1644 μείναντι
1041 1562 1165 1646 χρόνον

148 1667 287 1751 οὐδεμία
318 1668 459 1751 δύναμις
486 1666 655 1751 ὑπήντησε
685 1665 875 1752 μαχουμένη
906 1663 982 1753 περὶ
1010 1673 1068 1750 τῆς
1094 1675 1165 1750 γῆς,

148 1771 220 1841 ἀλλ’
247 1773 352 1851 ἀδεῶς
382 1773 487 1857 αύτην
516 1777 644 1859 κείρας,
674 1772 789 1856 ἐπειδὴ
818 1779 967 1858 καθῆκεν
996 1772 1014 1839 δ
1045 1777 1244 1859 χρόνοςιειο

109 1906 134 1946 15
148 1891 215 1947 τῶν
239 1879 471 1966 ἀρχαιρεσίων,
495 1880 598 1964 ἀπῆγε
621 1881 680 1957 τάς
703 1880 870 1964 δυνάμεις.
911 1882 1028 1969 Φαβίῳ
1052 1877 1082 1944 δ’
1105 1879 1167 1944 Αἰ-

147 1989 256 2072 κανοί,
279 1986 359 2074 πρὶν
381 1989 429 2065 εἰς
449 1986 599 2070 ἀνάγκην
619 1976 733 2052 έλθείν
753 1995 905 2072 στρατιᾶς
923 1988 1167 2073 διαφθαρείσης

148 2094 169 2178 ἣ
192 2105 309 2180 τειχῶν
333 2092 577 2179 ἁλισκομένων,
605 2091 909 2178 ἐπεκηρυκεύσαντο
932 2092 1009 2178 περὶ
1033 2095 1167 2160 διαλλα-

112 2202 219 2283 4χῶν
246 2198 301 2265 καί
328 2203 450 2285 φιλίας.
496 2200 514 2267 δ
543 2197 574 2265 δ’
600 2200 725 2276 ὕπατος
752 2200 814 2266 δύο
842 2223 877 2266 τε
903 2211 1019 2285 μηνῶν
1041 2202 1168 2286 τροφάς

146 2315 188 2391 τῇ
212 2314 348 2393 στρατιᾷ
372 2304 428 2371 καί
452 2307 514 2372 δύο
537 2316 679 2392 χιτῶνας
701 2301 772 2372 κατ’
796 2306 904 2391 ἀνδρα
926 2304 982 2372 καλ
1002 2304 1167 2393 ἀργύριον

109 2439 136 2480 ιο
150 2414 197 2490 εἰς
225 2411 440 2497 ὀψωνιασμὸν
469 2410 633 2498 ἕξαμηνου
661 2410 717 2478 καὶ
744 2418 778 2478 εί
800 2437 832 2480 τι
860 2414 942 2479 ἀλλο
970 2416 1167 2498 κατήπειγεν

148 2517 418 2607 εἰσπραξάμενος,
441 2518 564 2605 ἀνοχάς
587 2519 764 2603 ἐποιήσατο
787 2521 871 2605 πρὸς
889 2519 1020 2604 αύτούς,
1044 2519 1106 2597 ἕως
1124 2519 1167 2586 δν

148 2628 196 2704 εἰς
213 2624 340 2711 Ῥώμην
363 2625 559 2712 ἀφικόμενοι
581 2628 672 2712 παρὰ
694 2636 752 2711 τῆς
775 2630 899 2712 βουλῆς
922 2626 1086 2712 εὕρωνται
1109 2628 1168 2704 τάς

149 2733 328 2810 διαλύσεις.
364 2733 384 2816 η
409 2731 523 2817 μέντοι
546 2734 653 2817 βουλὴ
676 2741 779 2800 ταῦτα
802 2739 959 2818 μαθοῦσα
981 2743 1027 2822 τῷ
1049 2737 1168 2822 Φαβίῳ

149 2837 327 2926 ἐπέτρεψεν
355 2837 573 2925 αὐτοκράτορι
601 2840 826 2905 διαλύσασθαι
854 2839 937 2924 πρὸς
963 2842 1041 2917 τοὺς
1062 2842 1168 2905 Αἰκα-

143 3090 147 3096 ·
223 3074 237 3122 1
258 3067 393 3139 φρούριυς
410 3067 463 3121 ΑΒ
484 3070 489 3137 Ι
514 3069 591 3124 *eim
608 3069 686 3138 ἀχὼν
700 3076 791 3134 πᾶσιν
809 3068 881 3123 ἀλλὰ
898 3074 956 3132 τοῖς
974 3069 999 3122 Α
1019 3069 1070 3123 ούκ
1089 3068 1168 3138 ἀγὼν

148 3147 218 3194 πᾶσι
237 3141 271 3210 (1)
289 3141 336 3195 vel
355 3147 425 3194 ῶᾶσι
442 3146 501 3202 τοῖς
518 3139 541 3193 Β
563 3140 615 3195 οἰκ
634 3139 707 3211 ἀχαν
725 3140 854 3210 ἀσπαοτη
873 3147 931 3202 τοῖς
949 3157 973 3195 ε.
987 3138 1092 3194 Reiske
1115 3141 1168 3194 οὐκ

149 3211 287 3266 ἀκούσασι
305 3210 414 3281 Kayser
432 3210 503 3266 Ann.
519 3210 590 3280 phil.
606 3218 676 3267 1868
693 3229 720 3280 p.
737 3217 788 3267 817
809 3213 860 3267 ούκ
879 3212 1008 3282 ἀχαπῶσι
1026 3227 1050 3266 c.
1069 3209 1168 3265 Kieee-

148 3281 211 3353 ling
229 3283 321 3337 locum
341 3281 584 3353 corruptissimum
598 3281 643 3338 sie
661 3282 811 3338 restituere
827 3288 1027 3349 cenetensem,
1046 3284 1080 3336 ut
1094 3282 1168 3352 ἀχώ-

149 3370 234 3424 νισμα
253 3354 404 3409 scriberem
466 3361 484 3408 4
503 3353 603 3423 ὀλίγων
622 3372 653 3424 χι
671 3353 717 3408 vel
736 3353 768 3408 δὲ
788 3371 810 3410 e.
829 3353 934 3408 Reiske
998 3358 1014 3406 5
1034 3352 1049 3407 δ
1069 3370 1124 3409 οω.
1143 3353 1167 3406 Β

150 3431 165 3478 9
186 3424 301 3495 στρατιά
319 3425 396 3480 ABa
414 3442 445 3479 στ
464 3426 545 3480 ατεία
563 3424 609 3478 Bb
684 3430 716 3480 13
741 3424 811 3494 ὑπὲρ
830 3432 879 3494 τῆς
897 3433 947 3495 γῆς
964 3423 1090 3479 Reudler
1109 3425 1166 3480 Tir.

150 3495 212 3552 crit.
230 3512 259 3564 p.
279 3499 311 3548 81
388 3503 419 3550 17
445 3444 715 3567 ἰπεκηρύκευσανΑ
