<?xml version="1.0" encoding="UTF-8"?>
<!DOCTYPE html PUBLIC "-//W3C//DTD XHTML 1.0 Transitional//EN"
    "http://www.w3.org/TR/xhtml1/DTD/xhtml1-transitional.dtd">
<html xmlns="http://www.w3.org/1999/xhtml" xml:lang="en" lang="en">
 <head>
  <title>
</title>
<meta http-equiv="Content-Type" content="text/html;charset=utf-8" />
  <meta name='ocr-system' content='tesseract 3.04.00' />
  <meta name='ocr-capabilities' content='ocr_page ocr_carea ocr_par ocr_line ocrx_word'/>
</head>
<body>
  <div class='ocr_page' id='page_1' title='image "./dionysihalicarn00unkngoog/dionysihalicarn00unkngoog_0363.png"; bbox 0 0 2656 3974; ppageno 0'>
   <div class='ocr_carea' id='block_1_1' title="bbox 12 199 1174 411">
    <p class='ocr_par' dir='ltr' id='par_1_1' title="bbox 12 199 1174 411">
     <span class='ocr_line' id='line_1_1' title="bbox 12 199 1174 411; baseline -0.003 -72"><span class='ocrx_word' id='word_1_1' title='bbox 12 206 23 411; x_wconf 63' lang='grc' dir='ltr'><strong><em>ή</em></strong></span> <span class='ocrx_word' id='word_1_2' title='bbox 581 300 617 310; x_wconf 88' lang='grc'>-</span> <span class='ocrx_word' id='word_1_3' title='bbox 653 269 679 322; x_wconf 84' lang='grc' dir='ltr'>Θ</span> <span class='ocrx_word' id='word_1_4' title='bbox 716 199 759 310; x_wconf 34' lang='grc'><strong><em>-.</em></strong></span> <span class='ocrx_word' id='word_1_5' title='bbox 1108 271 1174 335; x_wconf 84' lang='grc'><strong><em>345</em></strong></span> 
     </span>
    </p>
   </div>
   <div class='ocr_carea' id='block_1_2' title="bbox 85 427 1234 3288">
    <p class='ocr_par' dir='ltr' id='par_1_2' title="bbox 155 427 1209 837">
     <span class='ocr_line' id='line_1_2' title="bbox 155 427 1175 520; baseline 0.002 -22"><span class='ocrx_word' id='word_1_6' title='bbox 155 433 294 518; x_wconf 84' lang='grc' dir='ltr'><strong><em>τοιαύτη</em></strong></span> <span class='ocrx_word' id='word_1_7' title='bbox 319 427 356 498; x_wconf 74' lang='grc' dir='ltr'><strong><em>δὲ</em></strong></span> <span class='ocrx_word' id='word_1_8' title='bbox 380 440 537 520; x_wconf 77' lang='grc' dir='ltr'><em>συμφορᾷ</em></span> <span class='ocrx_word' id='word_1_9' title='bbox 559 440 617 516; x_wconf 84' lang='grc' dir='ltr'><strong><em>τής</em></strong></span> <span class='ocrx_word' id='word_1_10' title='bbox 638 435 767 509; x_wconf 88' lang='grc' dir='ltr'><strong><em>πόλεως</em></strong></span> <span class='ocrx_word' id='word_1_11' title='bbox 789 432 891 514; x_wconf 81' lang='grc' dir='ltr'><em>οὔσης</em></span> <span class='ocrx_word' id='word_1_12' title='bbox 913 443 983 510; x_wconf 90' lang='grc' dir='ltr'><strong><em>τοῖς</em></strong></span> <span class='ocrx_word' id='word_1_13' title='bbox 1005 431 1175 519; x_wconf 78' lang='grc' dir='ltr'><strong><em>ἐξηγηταῖς</em></strong></span> 
     </span>
     <span class='ocr_line' id='line_1_3' title="bbox 155 538 1174 626; baseline 0.002 -22"><span class='ocrx_word' id='word_1_14' title='bbox 155 549 224 604; x_wconf 84' lang='grc' dir='ltr'><strong><em>τῶν</em></strong></span> <span class='ocrx_word' id='word_1_15' title='bbox 248 538 348 624; x_wconf 79' lang='grc' dir='ltr'><strong><em>ίερῶν</em></strong></span> <span class='ocrx_word' id='word_1_16' title='bbox 370 539 497 621; x_wconf 88' lang='grc' dir='ltr'><strong><em>γίνεται</em></strong></span> <span class='ocrx_word' id='word_1_17' title='bbox 520 541 662 623; x_wconf 88' lang='grc' dir='ltr'><strong><em>μήνυσις</em></strong></span> <span class='ocrx_word' id='word_1_18' title='bbox 684 539 749 604; x_wconf 85' lang='grc' dir='ltr'><strong><em>ὑπὸ</em></strong></span> <span class='ocrx_word' id='word_1_19' title='bbox 774 539 899 604; x_wconf 88' lang='grc' dir='ltr'><strong><em>δούλου</em></strong></span> <span class='ocrx_word' id='word_1_20' title='bbox 921 542 1023 624; x_wconf 87' lang='grc' dir='ltr'><strong><em>τινός,</em></strong></span> <span class='ocrx_word' id='word_1_21' title='bbox 1046 540 1097 605; x_wconf 82' lang='grc' dir='ltr'><strong><em>ὅτι</em></strong></span> <span class='ocrx_word' id='word_1_22' title='bbox 1116 545 1174 626; x_wconf 94' lang='grc' dir='ltr'><strong><em>μία</em></strong></span> 
     </span>
     <span class='ocr_line' id='line_1_4' title="bbox 155 641 1175 730; baseline 0.003 -20"><span class='ocrx_word' id='word_1_23' title='bbox 155 655 224 710; x_wconf 83' lang='grc' dir='ltr'><strong><em>τῶν</em></strong></span> <span class='ocrx_word' id='word_1_24' title='bbox 255 644 432 730; x_wconf 73' lang='grc' dir='ltr'><strong><em>ἱεροποιῶν</em></strong></span> <span class='ocrx_word' id='word_1_25' title='bbox 460 641 641 730; x_wconf 88' lang='grc' dir='ltr'><strong><em>παρθένων</em></strong></span> <span class='ocrx_word' id='word_1_26' title='bbox 668 653 735 710; x_wconf 76' lang='grc' dir='ltr'><strong><em>τῶν</em></strong></span> <span class='ocrx_word' id='word_1_27' title='bbox 762 650 1002 730; x_wconf 74' lang='grc' dir='ltr'><em>φυλαττουσῶν</em></span> <span class='ocrx_word' id='word_1_28' title='bbox 1029 648 1066 713; x_wconf 89' lang='grc' dir='ltr'><strong><em>τὸ</em></strong></span> <span class='ocrx_word' id='word_1_29' title='bbox 1090 646 1175 712; x_wconf 84' lang='grc' dir='ltr'><strong><em>ἀθά-</em></strong></span> 
     </span>
     <span class='ocr_line' id='line_1_5' title="bbox 156 747 1209 837; baseline 0.002 -21"><span class='ocrx_word' id='word_1_30' title='bbox 156 775 260 818; x_wconf 92' lang='grc' dir='ltr'><strong><em>νατον</em></strong></span> <span class='ocrx_word' id='word_1_31' title='bbox 287 760 354 834; x_wconf 88' lang='grc' dir='ltr'><strong><em>πῦρ</em></strong></span> <span class='ocrx_word' id='word_1_32' title='bbox 373 747 522 837; x_wconf 77' lang='grc' dir='ltr'><strong><em>Ὀρβινία</em></strong></span> <span class='ocrx_word' id='word_1_33' title='bbox 549 753 611 836; x_wconf 87' lang='grc' dir='ltr'><strong><em>τήν</em></strong></span> <span class='ocrx_word' id='word_1_34' title='bbox 633 754 821 837; x_wconf 77' lang='grc' dir='ltr'><strong><em>παρθενίαν</em></strong></span> <span class='ocrx_word' id='word_1_35' title='bbox 844 751 1033 819; x_wconf 79' lang='grc' dir='ltr'><strong><em>ἀπολώλεκε</em></strong></span> <span class='ocrx_word' id='word_1_36' title='bbox 1056 750 1174 818; x_wconf 80' lang='grc' dir='ltr'><strong><em>καὶτὰ</em></strong></span> <span class='ocrx_word' id='word_1_37' title='bbox 1207 779 1209 784; x_wconf 95' lang='grc'><strong><em>·</em></strong></span> 
     </span>
    </p>

    <p class='ocr_par' dir='ltr' id='par_1_3' title="bbox 85 853 1234 1264">
     <span class='ocr_line' id='line_1_6' title="bbox 85 853 1214 946; baseline -0.003 -23"><span class='ocrx_word' id='word_1_38' title='bbox 85 858 231 944; x_wconf 74' lang='grc' dir='ltr'><strong><em>1853ίερδ</em></strong></span> <span class='ocrx_word' id='word_1_39' title='bbox 253 858 332 922; x_wconf 89' lang='grc' dir='ltr'><strong><em>θόει</em></strong></span> <span class='ocrx_word' id='word_1_40' title='bbox 354 857 395 922; x_wconf 84' lang='grc' dir='ltr'><strong><em>τά</em></strong></span> <span class='ocrx_word' id='word_1_41' title='bbox 417 865 475 942; x_wconf 85' lang='grc' dir='ltr'><strong><em>τής</em></strong></span> <span class='ocrx_word' id='word_1_42' title='bbox 496 861 625 936; x_wconf 90' lang='grc' dir='ltr'><strong><em>πόλεως</em></strong></span> <span class='ocrx_word' id='word_1_43' title='bbox 647 858 709 924; x_wconf 89' lang='grc' dir='ltr'><strong><em>οὐκ</em></strong></span> <span class='ocrx_word' id='word_1_44' title='bbox 732 853 818 925; x_wconf 82' lang='grc' dir='ltr'><strong><em>οὖσα</em></strong></span> <span class='ocrx_word' id='word_1_45' title='bbox 841 858 983 946; x_wconf 90' lang='grc' dir='ltr'><strong><em>καθαρά.</em></strong></span> <span class='ocrx_word' id='word_1_46' title='bbox 1027 859 1173 926; x_wconf 87' lang='grc' dir='ltr'><strong><em>κάκεῖνοι</em></strong></span> <span class='ocrx_word' id='word_1_47' title='bbox 1201 879 1214 920; x_wconf 86' lang='lat'><strong>5</strong></span> 
     </span>
     <span class='ocr_line' id='line_1_7' title="bbox 157 963 1177 1052; baseline 0.004 -23"><span class='ocrx_word' id='word_1_48' title='bbox 157 966 417 1050; x_wconf 76' lang='grc' dir='ltr'><strong><em>μεταστήσαντες</em></strong></span> <span class='ocrx_word' id='word_1_49' title='bbox 448 963 554 1049; x_wconf 86' lang='grc' dir='ltr'><strong><em>αὐτήν</em></strong></span> <span class='ocrx_word' id='word_1_50' title='bbox 583 963 648 1032; x_wconf 92' lang='grc' dir='ltr'><strong><em>ἀπὸ</em></strong></span> <span class='ocrx_word' id='word_1_51' title='bbox 679 976 746 1031; x_wconf 80' lang='grc' dir='ltr'><strong><em>τῶν</em></strong></span> <span class='ocrx_word' id='word_1_52' title='bbox 777 966 876 1052; x_wconf 82' lang='grc' dir='ltr'><strong><em>ίερῶν</em></strong></span> <span class='ocrx_word' id='word_1_53' title='bbox 907 963 963 1033; x_wconf 82' lang='grc' dir='ltr'><strong><em>καὶ</em></strong></span> <span class='ocrx_word' id='word_1_54' title='bbox 994 965 1177 1052; x_wconf 79' lang='grc' dir='ltr'><strong><em>προθέντες</em></strong></span> 
     </span>
     <span class='ocr_line' id='line_1_8' title="bbox 157 1069 1234 1162; baseline 0.003 -26"><span class='ocrx_word' id='word_1_55' title='bbox 157 1073 271 1156; x_wconf 90' lang='grc' dir='ltr'><strong><em>δίκην,</em></strong></span> <span class='ocrx_word' id='word_1_56' title='bbox 301 1069 414 1156; x_wconf 78' lang='grc' dir='ltr'><strong><em>ἐπειδή</em></strong></span> <span class='ocrx_word' id='word_1_57' title='bbox 437 1072 628 1156; x_wconf 81' lang='grc' dir='ltr'><strong><em>καταφανής</em></strong></span> <span class='ocrx_word' id='word_1_58' title='bbox 651 1069 780 1155; x_wconf 78' lang='grc' dir='ltr'><strong><em>ἐγένετο</em></strong></span> <span class='ocrx_word' id='word_1_59' title='bbox 804 1072 1016 1159; x_wconf 82' lang='grc' dir='ltr'><strong><em>ἐλεγχθεῖσα,</em></strong></span> <span class='ocrx_word' id='word_1_60' title='bbox 1039 1074 1176 1162; x_wconf 75' lang='grc' dir='ltr'><strong><em>ῥάβδοις</em></strong></span> <span class='ocrx_word' id='word_1_61' title='bbox 1232 1082 1234 1087; x_wconf 86' lang='grc'><strong>’</strong></span> 
     </span>
     <span class='ocr_line' id='line_1_9' title="bbox 156 1175 1177 1264; baseline 0.003 -20"><span class='ocrx_word' id='word_1_62' title='bbox 156 1175 186 1244; x_wconf 87' lang='grc' dir='ltr'><strong><em>τ’</em></strong></span> <span class='ocrx_word' id='word_1_63' title='bbox 209 1177 437 1264; x_wconf 80' lang='grc' dir='ltr'><strong><em>ἐμαστίγωσαν</em></strong></span> <span class='ocrx_word' id='word_1_64' title='bbox 459 1176 514 1244; x_wconf 79' lang='grc' dir='ltr'><strong><em>καὶ</em></strong></span> <span class='ocrx_word' id='word_1_65' title='bbox 537 1179 787 1263; x_wconf 78' lang='grc' dir='ltr'><strong><em>πομπεύσαντες</em></strong></span> <span class='ocrx_word' id='word_1_66' title='bbox 809 1179 865 1244; x_wconf 82' lang='grc' dir='ltr'><strong><em>διδ</em></strong></span> <span class='ocrx_word' id='word_1_67' title='bbox 889 1188 946 1264; x_wconf 86' lang='grc' dir='ltr'><strong><em>τής</em></strong></span> <span class='ocrx_word' id='word_1_68' title='bbox 968 1184 1095 1258; x_wconf 86' lang='grc' dir='ltr'><strong><em>πόλεως</em></strong></span> <span class='ocrx_word' id='word_1_69' title='bbox 1119 1185 1177 1259; x_wconf 79' lang='grc' dir='ltr'><strong><em>ζῶ-</em></strong></span> 
     </span>
    </p>

    <p class='ocr_par' dir='ltr' id='par_1_4' title="bbox 116 1280 1216 1991">
     <span class='ocr_line' id='line_1_10' title="bbox 116 1280 1212 1372; baseline 0.002 -22"><span class='ocrx_word' id='word_1_70' title='bbox 116 1315 119 1322; x_wconf 94' lang='grc'><em>·</em></span> <span class='ocrx_word' id='word_1_71' title='bbox 159 1300 223 1350; x_wconf 91' lang='grc' dir='ltr'><strong><em>σαν</em></strong></span> <span class='ocrx_word' id='word_1_72' title='bbox 250 1283 452 1370; x_wconf 81' lang='grc' dir='ltr'><strong><em>κατώρυξαν.</em></strong></span> <span class='ocrx_word' id='word_1_73' title='bbox 498 1295 566 1350; x_wconf 80' lang='grc' dir='ltr'><strong><em>τῶν</em></strong></span> <span class='ocrx_word' id='word_1_74' title='bbox 591 1280 629 1350; x_wconf 74' lang='grc' dir='ltr'><strong><em>δὲ</em></strong></span> <span class='ocrx_word' id='word_1_75' title='bbox 652 1282 927 1372; x_wconf 82' lang='grc' dir='ltr'><strong><em>διαπραξαμένων</em></strong></span> <span class='ocrx_word' id='word_1_76' title='bbox 949 1287 1011 1370; x_wconf 87' lang='grc' dir='ltr'><strong><em>τήν</em></strong></span> <span class='ocrx_word' id='word_1_77' title='bbox 1035 1285 1212 1353; x_wconf 89' lang='grc' dir='ltr'><strong><em>ἀνοσίαν4</em></strong></span> 
     </span>
     <span class='ocr_line' id='line_1_11' title="bbox 157 1387 1216 1478; baseline -0.005 -20"><span class='ocrx_word' id='word_1_78' title='bbox 157 1393 293 1478; x_wconf 77' lang='grc' dir='ltr'><strong><em>φθοράν</em></strong></span> <span class='ocrx_word' id='word_1_79' title='bbox 315 1390 333 1458; x_wconf 99' lang='lat'><em>6</em></span> <span class='ocrx_word' id='word_1_80' title='bbox 357 1387 418 1476; x_wconf 64' lang='grc' dir='ltr'><strong><em>μὲν</em></strong></span> <span class='ocrx_word' id='word_1_81' title='bbox 437 1389 547 1477; x_wconf 72' lang='grc' dir='ltr'><strong><em>ἔτερος</em></strong></span> <span class='ocrx_word' id='word_1_82' title='bbox 566 1388 685 1458; x_wconf 81' lang='grc' dir='ltr'><strong><em>ἑαυτὸν</em></strong></span> <span class='ocrx_word' id='word_1_83' title='bbox 705 1394 913 1478; x_wconf 70' lang='grc' dir='ltr'><strong><em>διεχρήσατο,</em></strong></span> <span class='ocrx_word' id='word_1_84' title='bbox 936 1394 994 1458; x_wconf 89' lang='grc' dir='ltr'><strong><em>τὸν</em></strong></span> <span class='ocrx_word' id='word_1_85' title='bbox 1014 1390 1045 1459; x_wconf 91' lang='grc' dir='ltr'><strong><em>δ’</em></strong></span> <span class='ocrx_word' id='word_1_86' title='bbox 1062 1391 1176 1477; x_wconf 79' lang='grc' dir='ltr'><strong><em>ἕτερον</em></strong></span> <span class='ocrx_word' id='word_1_87' title='bbox 1190 1412 1216 1452; x_wconf 84' lang='grc' dir='ltr'><strong><em>ιο</em></strong></span> 
     </span>
     <span class='ocr_line' id='line_1_12' title="bbox 158 1494 1176 1584; baseline 0.001 -20"><span class='ocrx_word' id='word_1_88' title='bbox 158 1499 195 1564; x_wconf 89' lang='grc' dir='ltr'><strong><em>οί</em></strong></span> <span class='ocrx_word' id='word_1_89' title='bbox 209 1509 276 1564; x_wconf 77' lang='grc' dir='ltr'><strong><em>τῶν</em></strong></span> <span class='ocrx_word' id='word_1_90' title='bbox 296 1497 395 1583; x_wconf 78' lang='grc' dir='ltr'><strong><em>ίερῶν</em></strong></span> <span class='ocrx_word' id='word_1_91' title='bbox 413 1494 585 1562; x_wconf 80' lang='grc' dir='ltr'><strong><em>ἐπίσκοποι</em></strong></span> <span class='ocrx_word' id='word_1_92' title='bbox 605 1500 826 1582; x_wconf 79' lang='grc' dir='ltr'><strong><em>συλλαβόντες</em></strong></span> <span class='ocrx_word' id='word_1_93' title='bbox 845 1495 882 1563; x_wconf 82' lang='grc' dir='ltr'><strong><em>έν</em></strong></span> <span class='ocrx_word' id='word_1_94' title='bbox 901 1496 1007 1584; x_wconf 76' lang='grc' dir='ltr'><strong><em>ἀγορᾷ</em></strong></span> <span class='ocrx_word' id='word_1_95' title='bbox 1024 1497 1176 1583; x_wconf 78' lang='grc' dir='ltr'><strong><em>μάστιξιν</em></strong></span> 
     </span>
     <span class='ocr_line' id='line_1_13' title="bbox 157 1601 1176 1690; baseline -0.001 -19"><span class='ocrx_word' id='word_1_96' title='bbox 157 1604 368 1689; x_wconf 82' lang='grc' dir='ltr'><strong><em>αἰκισάμενοι</em></strong></span> <span class='ocrx_word' id='word_1_97' title='bbox 395 1603 547 1690; x_wconf 88' lang='grc' dir='ltr'><strong><em>καθάπερ</em></strong></span> <span class='ocrx_word' id='word_1_98' title='bbox 576 1602 791 1689; x_wconf 91' lang='grc' dir='ltr'><strong><em>ἀνδράποδον</em></strong></span> <span class='ocrx_word' id='word_1_99' title='bbox 820 1601 1026 1670; x_wconf 89' lang='grc' dir='ltr'><strong><em>ἀπέκτειναν.</em></strong></span> <span class='ocrx_word' id='word_1_100' title='bbox 1070 1601 1176 1690; x_wconf 74' lang='grc' dir='ltr'><strong><em>ήμὲν</em></strong></span> 
     </span>
     <span class='ocr_line' id='line_1_14' title="bbox 158 1706 1177 1795; baseline -0.001 -17"><span class='ocrx_word' id='word_1_101' title='bbox 158 1706 222 1778; x_wconf 83' lang='grc' dir='ltr'><strong><em>οὖν</em></strong></span> <span class='ocrx_word' id='word_1_102' title='bbox 245 1713 346 1788; x_wconf 87' lang='grc' dir='ltr'><strong><em>νόσος</em></strong></span> <span class='ocrx_word' id='word_1_103' title='bbox 368 1710 389 1795; x_wconf 87' lang='grc' dir='ltr'><strong><em>ή</em></strong></span> <span class='ocrx_word' id='word_1_104' title='bbox 412 1712 648 1794; x_wconf 68' lang='grc' dir='ltr'><strong><em>κατασκήψασα</em></strong></span> <span class='ocrx_word' id='word_1_105' title='bbox 671 1712 718 1788; x_wconf 89' lang='grc' dir='ltr'><strong><em>είς</em></strong></span> <span class='ocrx_word' id='word_1_106' title='bbox 740 1711 799 1788; x_wconf 80' lang='grc' dir='ltr'><strong><em>τὰς</em></strong></span> <span class='ocrx_word' id='word_1_107' title='bbox 820 1721 980 1795; x_wconf 87' lang='grc' dir='ltr'><strong><em>γυναῖκας</em></strong></span> <span class='ocrx_word' id='word_1_108' title='bbox 1002 1708 1057 1777; x_wconf 80' lang='grc' dir='ltr'><strong><em>καί</em></strong></span> <span class='ocrx_word' id='word_1_109' title='bbox 1079 1711 1098 1779; x_wconf 95' lang='lat'><em>6</em></span> <span class='ocrx_word' id='word_1_110' title='bbox 1117 1733 1177 1777; x_wconf 94' lang='grc' dir='ltr'><strong><em>πο-</em></strong></span> 
     </span>
     <span class='ocr_line' id='line_1_15' title="bbox 159 1815 1177 1904; baseline -0.002 -21"><span class='ocrx_word' id='word_1_111' title='bbox 159 1822 219 1896; x_wconf 85' lang='grc' dir='ltr'><strong><em>λδς</em></strong></span> <span class='ocrx_word' id='word_1_112' title='bbox 247 1817 357 1884; x_wconf 79' lang='grc' dir='ltr'><strong><em>αὐτῶν</em></strong></span> <span class='ocrx_word' id='word_1_113' title='bbox 385 1820 516 1903; x_wconf 81' lang='grc' dir='ltr'><strong><em>φθόρος</em></strong></span> <span class='ocrx_word' id='word_1_114' title='bbox 541 1817 622 1901; x_wconf 81' lang='grc' dir='ltr'><strong><em>μετὰ</em></strong></span> <span class='ocrx_word' id='word_1_115' title='bbox 644 1826 742 1883; x_wconf 89' lang='grc' dir='ltr'><strong><em>τοῦτο</em></strong></span> <span class='ocrx_word' id='word_1_116' title='bbox 765 1819 803 1883; x_wconf 84' lang='grc' dir='ltr'><strong><em>τὸ</em></strong></span> <span class='ocrx_word' id='word_1_117' title='bbox 827 1819 928 1904; x_wconf 77' lang='grc' dir='ltr'><strong><em>ἔργον</em></strong></span> <span class='ocrx_word' id='word_1_118' title='bbox 950 1817 1056 1895; x_wconf 80' lang='grc' dir='ltr'><strong><em>εὐθὺς</em></strong></span> <span class='ocrx_word' id='word_1_119' title='bbox 1078 1815 1177 1883; x_wconf 79' lang='grc' dir='ltr'><strong><em>ἐπαύ-</em></strong></span> 
     </span>
     <span class='ocr_line' id='line_1_16' title="bbox 160 1941 1215 1991; baseline -0.007 -1"><span class='ocrx_word' id='word_1_120' title='bbox 160 1941 251 1991; x_wconf 85' lang='grc' dir='ltr'><strong><em>σατο.</em></strong></span> <span class='ocrx_word' id='word_1_121' title='bbox 1190 1943 1215 1984; x_wconf 88' lang='lat'><strong><em>15</em></strong></span> 
     </span>
    </p>

    <p class='ocr_par' dir='ltr' id='par_1_5' title="bbox 160 2023 1218 2648">
     <span class='ocr_line' id='line_1_17' title="bbox 225 2023 1178 2116; baseline -0.001 -20"><span class='ocrx_word' id='word_1_122' title='bbox 225 2029 374 2096; x_wconf 87' lang='lat' dir='ltr'>XXXXI.</span> <span class='ocrx_word' id='word_1_123' title='bbox 410 2026 460 2094; x_wconf 83' lang='lat' dir='ltr'><strong><em>‘H</em></strong></span> <span class='ocrx_word' id='word_1_124' title='bbox 482 2023 512 2094; x_wconf 85' lang='lat'><strong><em>6’</em></strong></span> <span class='ocrx_word' id='word_1_125' title='bbox 539 2028 576 2095; x_wconf 76' lang='grc' dir='ltr'><strong><em>ἐκ</em></strong></span> <span class='ocrx_word' id='word_1_126' title='bbox 602 2034 729 2096; x_wconf 84' lang='grc' dir='ltr'><strong><em>πολλοῦ</em></strong></span> <span class='ocrx_word' id='word_1_127' title='bbox 756 2034 881 2116; x_wconf 90' lang='grc' dir='ltr'><strong><em>χρόνου</em></strong></span> <span class='ocrx_word' id='word_1_128' title='bbox 909 2026 1113 2114; x_wconf 76' lang='grc' dir='ltr'><strong><em>διαμένουσα</em></strong></span> <span class='ocrx_word' id='word_1_129' title='bbox 1141 2027 1178 2095; x_wconf 82' lang='grc' dir='ltr'><strong><em>έν</em></strong></span> 
     </span>
     <span class='ocr_line' id='line_1_18' title="bbox 160 2135 1178 2222; baseline -0.002 -19"><span class='ocrx_word' id='word_1_130' title='bbox 160 2146 198 2222; x_wconf 79' lang='grc' dir='ltr'><strong><em>τή</em></strong></span> <span class='ocrx_word' id='word_1_131' title='bbox 222 2139 317 2203; x_wconf 90' lang='grc' dir='ltr'><strong><em>πόλει</em></strong></span> <span class='ocrx_word' id='word_1_132' title='bbox 341 2136 469 2220; x_wconf 88' lang='grc' dir='ltr'><strong><em>στάσις,</em></strong></span> <span class='ocrx_word' id='word_1_133' title='bbox 496 2135 539 2219; x_wconf 80' lang='grc' dir='ltr'><strong><em>ἣν</em></strong></span> <span class='ocrx_word' id='word_1_134' title='bbox 562 2137 597 2201; x_wconf 77' lang='lat' dir='ltr'><strong><em>oc</em></strong></span> <span class='ocrx_word' id='word_1_135' title='bbox 618 2137 759 2220; x_wconf 77' lang='grc' dir='ltr'><strong><em>δημόται</em></strong></span> <span class='ocrx_word' id='word_1_136' title='bbox 781 2138 864 2222; x_wconf 88' lang='grc' dir='ltr'><strong><em>πρὸς</em></strong></span> <span class='ocrx_word' id='word_1_137' title='bbox 886 2138 964 2212; x_wconf 83' lang='grc' dir='ltr'><strong><em>τοὺς</em></strong></span> <span class='ocrx_word' id='word_1_138' title='bbox 985 2137 1178 2220; x_wconf 87' lang='grc' dir='ltr'><strong><em>πατρικίους</em></strong></span> 
     </span>
     <span class='ocr_line' id='line_1_19' title="bbox 161 2237 1177 2327; baseline -0.003 -18"><span class='ocrx_word' id='word_1_139' title='bbox 161 2242 368 2327; x_wconf 79' lang='grc' dir='ltr'><strong><em>ἐστασίαζον,</em></strong></span> <span class='ocrx_word' id='word_1_140' title='bbox 400 2240 555 2307; x_wconf 83' lang='grc' dir='ltr'><strong><em>ἀνίστατο</em></strong></span> <span class='ocrx_word' id='word_1_141' title='bbox 587 2242 698 2307; x_wconf 90' lang='grc' dir='ltr'><strong><em>πάλιν.</em></strong></span> <span class='ocrx_word' id='word_1_142' title='bbox 750 2242 769 2308; x_wconf 90' lang='lat'><em>6</em></span> <span class='ocrx_word' id='word_1_143' title='bbox 802 2237 832 2307; x_wconf 89' lang='grc' dir='ltr'><strong><em>δ’</em></strong></span> <span class='ocrx_word' id='word_1_144' title='bbox 868 2239 1042 2327; x_wconf 80' lang='grc' dir='ltr'><strong><em>ἐξεγείρων</em></strong></span> <span class='ocrx_word' id='word_1_145' title='bbox 1072 2241 1177 2326; x_wconf 84' lang='grc' dir='ltr'><strong><em>αὐτήν</em></strong></span> 
     </span>
     <span class='ocr_line' id='line_1_20' title="bbox 161 2343 1177 2436; baseline -0.002 -21"><span class='ocrx_word' id='word_1_146' title='bbox 161 2351 330 2436; x_wconf 87' lang='grc' dir='ltr'><strong><em>δήμαρχος</em></strong></span> <span class='ocrx_word' id='word_1_147' title='bbox 357 2343 401 2432; x_wconf 87' lang='grc' dir='ltr'><strong><em>ήν</em></strong></span> <span class='ocrx_word' id='word_1_148' title='bbox 428 2351 580 2425; x_wconf 90' lang='grc' dir='ltr'><strong><em>Πόπλιος</em></strong></span> <span class='ocrx_word' id='word_1_149' title='bbox 606 2346 780 2434; x_wconf 85' lang='grc' dir='ltr'><strong><em>Βολέρων,</em></strong></span> <span class='ocrx_word' id='word_1_150' title='bbox 813 2348 830 2414; x_wconf 93' lang='lat'><em>6</em></span> <span class='ocrx_word' id='word_1_151' title='bbox 859 2355 904 2436; x_wconf 76' lang='grc' dir='ltr'><strong><em>τῷ</em></strong></span> <span class='ocrx_word' id='word_1_152' title='bbox 932 2352 1083 2434; x_wconf 75' lang='grc' dir='ltr'><strong><em>πρόσθεν</em></strong></span> <span class='ocrx_word' id='word_1_153' title='bbox 1112 2347 1177 2414; x_wconf 77' lang='grc' dir='ltr'><strong><em>ἐνι-</em></strong></span> 
     </span>
     <span class='ocr_line' id='line_1_21' title="bbox 161 2450 1218 2545; baseline -0.006 -24"><span class='ocrx_word' id='word_1_154' title='bbox 161 2464 250 2545; x_wconf 78' lang='grc' dir='ltr'><strong><em>αυτῷ</em></strong></span> <span class='ocrx_word' id='word_1_155' title='bbox 274 2465 345 2532; x_wconf 86' lang='grc' dir='ltr'><strong><em>τοῖς</em></strong></span> <span class='ocrx_word' id='word_1_156' title='bbox 366 2452 442 2540; x_wconf 78' lang='grc' dir='ltr'><strong><em>περὶ</em></strong></span> <span class='ocrx_word' id='word_1_157' title='bbox 461 2455 619 2540; x_wconf 90' lang='grc' dir='ltr'><strong><em>Αίμίλιόν</em></strong></span> <span class='ocrx_word' id='word_1_158' title='bbox 641 2477 676 2518; x_wconf 86' lang='grc' dir='ltr'><strong><em>τε</em></strong></span> <span class='ocrx_word' id='word_1_159' title='bbox 699 2450 754 2518; x_wconf 84' lang='grc' dir='ltr'><strong><em>καὶ</em></strong></span> <span class='ocrx_word' id='word_1_160' title='bbox 770 2451 912 2519; x_wconf 88' lang='grc' dir='ltr'><strong><em>Ἰούλιου</em></strong></span> <span class='ocrx_word' id='word_1_161' title='bbox 930 2453 1069 2532; x_wconf 84' lang='grc' dir='ltr'><strong><em>ὑπάτοις</em></strong></span> <span class='ocrx_word' id='word_1_162' title='bbox 1087 2454 1177 2520; x_wconf 87' lang='grc' dir='ltr'><strong><em>ἀπει-</em></strong></span> <span class='ocrx_word' id='word_1_163' title='bbox 1192 2477 1218 2516; x_wconf 80' lang='grc' dir='ltr'><strong><em>ιο</em></strong></span> 
     </span>
     <span class='ocr_line' id='line_1_22' title="bbox 160 2557 1178 2648; baseline -0.001 -21"><span class='ocrx_word' id='word_1_164' title='bbox 160 2565 281 2647; x_wconf 88' lang='grc' dir='ltr'><strong><em>θήσας,</em></strong></span> <span class='ocrx_word' id='word_1_165' title='bbox 299 2557 346 2626; x_wconf 85' lang='grc' dir='ltr'><strong><em>ὅτ’</em></strong></span> <span class='ocrx_word' id='word_1_166' title='bbox 366 2559 469 2626; x_wconf 87' lang='grc' dir='ltr'><strong><em>αὐτὸν</em></strong></span> <span class='ocrx_word' id='word_1_167' title='bbox 485 2558 560 2626; x_wconf 82' lang='grc' dir='ltr'><strong><em>ἀντὶ</em></strong></span> <span class='ocrx_word' id='word_1_168' title='bbox 579 2564 725 2644; x_wconf 86' lang='grc' dir='ltr'><strong><em>λοχαγοῦ</em></strong></span> <span class='ocrx_word' id='word_1_169' title='bbox 739 2561 942 2645; x_wconf 84' lang='grc' dir='ltr'><strong><em>στρατιώτην</em></strong></span> <span class='ocrx_word' id='word_1_170' title='bbox 956 2559 1178 2648; x_wconf 89' lang='grc' dir='ltr'><strong><em>κατέγραφον,</em></strong></span> 
     </span>
    </p>

    <p class='ocr_par' dir='ltr' id='par_1_6' title="bbox 86 2662 1219 3288">
     <span class='ocr_line' id='line_1_23' title="bbox 86 2662 1178 2752; baseline -0.004 -16"><span class='ocrx_word' id='word_1_171' title='bbox 86 2669 203 2736; x_wconf 79' lang='lat'>185406</span> <span class='ocrx_word' id='word_1_172' title='bbox 232 2665 275 2734; x_wconf 91' lang='grc' dir='ltr'><strong><em>δι’</em></strong></span> <span class='ocrx_word' id='word_1_173' title='bbox 303 2668 384 2732; x_wconf 86' lang='grc' dir='ltr'><strong><em>ἀλλο</em></strong></span> <span class='ocrx_word' id='word_1_174' title='bbox 407 2689 439 2732; x_wconf 91' lang='grc' dir='ltr'><strong><em>τι</em></strong></span> <span class='ocrx_word' id='word_1_175' title='bbox 462 2670 590 2752; x_wconf 76' lang='grc' dir='ltr'><strong><em>μᾶλλον</em></strong></span> <span class='ocrx_word' id='word_1_176' title='bbox 613 2662 827 2751; x_wconf 80' lang='grc' dir='ltr'><strong><em>ἀποδειχθεὶς</em></strong></span> <span class='ocrx_word' id='word_1_177' title='bbox 847 2664 914 2733; x_wconf 86' lang='grc' dir='ltr'><strong><em>ὑπὸ</em></strong></span> <span class='ocrx_word' id='word_1_178' title='bbox 937 2677 1004 2732; x_wconf 83' lang='grc' dir='ltr'><strong><em>τῶν</em></strong></span> <span class='ocrx_word' id='word_1_179' title='bbox 1026 2669 1178 2751; x_wconf 89' lang='grc' dir='ltr'><strong><em>πενήτων</em></strong></span> 
     </span>
     <span class='ocr_line' id='line_1_24' title="bbox 160 2769 1178 2858; baseline -0.003 -17"><span class='ocrx_word' id='word_1_180' title='bbox 160 2785 222 2841; x_wconf 83' lang='grc' dir='ltr'><strong><em>τοῦ</em></strong></span> <span class='ocrx_word' id='word_1_181' title='bbox 245 2775 355 2858; x_wconf 92' lang='grc' dir='ltr'><strong><em>δήμου</em></strong></span> <span class='ocrx_word' id='word_1_182' title='bbox 378 2771 564 2858; x_wconf 87' lang='grc' dir='ltr'><strong><em>προστάτης</em></strong></span> <span class='ocrx_word' id='word_1_183' title='bbox 589 2807 628 2818; x_wconf 95' lang='grc'><strong>-</strong></span> <span class='ocrx_word' id='word_1_184' title='bbox 653 2769 751 2856; x_wconf 89' lang='grc' dir='ltr'><strong><em>γένος</em></strong></span> <span class='ocrx_word' id='word_1_185' title='bbox 774 2795 807 2837; x_wconf 93' lang='grc' dir='ltr'><strong><em>τε</em></strong></span> <span class='ocrx_word' id='word_1_186' title='bbox 831 2772 895 2858; x_wconf 81' lang='grc' dir='ltr'><strong><em>γάρ</em></strong></span> <span class='ocrx_word' id='word_1_187' title='bbox 919 2770 955 2838; x_wconf 78' lang='grc' dir='ltr'><strong><em>ἐκ</em></strong></span> <span class='ocrx_word' id='word_1_188' title='bbox 977 2783 1044 2838; x_wconf 80' lang='grc' dir='ltr'><strong><em>τῶν</em></strong></span> <span class='ocrx_word' id='word_1_189' title='bbox 1068 2771 1178 2840; x_wconf 86' lang='grc' dir='ltr'><strong><em>έπιτυ-</em></strong></span> 
     </span>
     <span class='ocr_line' id='line_1_25' title="bbox 161 2874 1178 2967; baseline -0.004 -19"><span class='ocrx_word' id='word_1_190' title='bbox 161 2884 290 2967; x_wconf 92' lang='grc' dir='ltr'><strong><em>χόυτων</em></strong></span> <span class='ocrx_word' id='word_1_191' title='bbox 311 2874 355 2964; x_wconf 70' lang='grc' dir='ltr'><strong><em>ἦν</em></strong></span> <span class='ocrx_word' id='word_1_192' title='bbox 378 2877 433 2945; x_wconf 84' lang='grc' dir='ltr'><strong><em>καὶ</em></strong></span> <span class='ocrx_word' id='word_1_193' title='bbox 456 2875 685 2965; x_wconf 89' lang='grc' dir='ltr'><strong><em>τεθραμμένος</em></strong></span> <span class='ocrx_word' id='word_1_194' title='bbox 707 2877 744 2945; x_wconf 85' lang='grc' dir='ltr'><strong><em>έν</em></strong></span> <span class='ocrx_word' id='word_1_195' title='bbox 766 2883 872 2965; x_wconf 77' lang='grc' dir='ltr'><strong><em>πολλή</em></strong></span> <span class='ocrx_word' id='word_1_196' title='bbox 896 2883 1104 2964; x_wconf 89' lang='grc' dir='ltr'><strong><em>ταπεινότητι</em></strong></span> <span class='ocrx_word' id='word_1_197' title='bbox 1123 2877 1178 2945; x_wconf 83' lang='grc' dir='ltr'><strong><em>καὶ</em></strong></span> 
     </span>
     <span class='ocr_line' id='line_1_26' title="bbox 161 2984 1219 3076; baseline -0.006 -22"><span class='ocrx_word' id='word_1_198' title='bbox 161 2987 283 3076; x_wconf 79' lang='grc' dir='ltr'><strong><em>ἀπορία</em></strong></span> <span class='ocrx_word' id='word_1_199' title='bbox 304 3023 342 3034; x_wconf 88' lang='lat'>-</span> <span class='ocrx_word' id='word_1_200' title='bbox 363 2984 434 3052; x_wconf 88' lang='grc' dir='ltr'><strong><em>ἀλλ’</em></strong></span> <span class='ocrx_word' id='word_1_201' title='bbox 464 2987 515 3052; x_wconf 82' lang='grc' dir='ltr'><strong><em>ότι</em></strong></span> <span class='ocrx_word' id='word_1_202' title='bbox 542 2988 603 3072; x_wconf 84' lang='grc' dir='ltr'><strong><em>τήν</em></strong></span> <span class='ocrx_word' id='word_1_203' title='bbox 626 2985 731 3073; x_wconf 88' lang='grc' dir='ltr'><strong><em>ἀρχήν</em></strong></span> <span class='ocrx_word' id='word_1_204' title='bbox 754 2997 821 3052; x_wconf 84' lang='grc' dir='ltr'><strong><em>τῶν</em></strong></span> <span class='ocrx_word' id='word_1_205' title='bbox 843 2985 979 3051; x_wconf 87' lang='grc' dir='ltr'><strong><em>ὑπάτων</em></strong></span> <span class='ocrx_word' id='word_1_206' title='bbox 1002 2987 1178 3070; x_wconf 84' lang='grc' dir='ltr'><strong><em>βασιλικὸν</em></strong></span> <span class='ocrx_word' id='word_1_207' title='bbox 1192 3007 1219 3049; x_wconf 81' lang='grc' dir='ltr'><strong><em>ει</em></strong></span> 
     </span>
     <span class='ocr_line' id='line_1_27' title="bbox 162 3091 1178 3179; baseline -0.003 -19"><span class='ocrx_word' id='word_1_208' title='bbox 162 3097 305 3179; x_wconf 79' lang='grc' dir='ltr'><strong><em>ἔχουσαν</em></strong></span> <span class='ocrx_word' id='word_1_209' title='bbox 336 3091 463 3178; x_wconf 82' lang='grc' dir='ltr'><strong><em>ἀξίωμα</em></strong></span> <span class='ocrx_word' id='word_1_210' title='bbox 499 3091 581 3172; x_wconf 88' lang='grc' dir='ltr'><strong><em>τέως</em></strong></span> <span class='ocrx_word' id='word_1_211' title='bbox 615 3105 744 3177; x_wconf 81' lang='grc' dir='ltr'><strong><em>πρῶτος</em></strong></span> <span class='ocrx_word' id='word_1_212' title='bbox 779 3092 894 3170; x_wconf 84' lang='grc' dir='ltr'><strong><em>ἔδοξεν</em></strong></span> <span class='ocrx_word' id='word_1_213' title='bbox 927 3092 1061 3176; x_wconf 81' lang='grc' dir='ltr'><strong><em>ἰδιώτης</em></strong></span> <span class='ocrx_word' id='word_1_214' title='bbox 1092 3091 1178 3177; x_wconf 86' lang='grc' dir='ltr'><strong><em>ἀνήρ</em></strong></span> 
     </span>
     <span class='ocr_line' id='line_1_28' title="bbox 161 3197 1179 3288; baseline -0.001 -23"><span class='ocrx_word' id='word_1_215' title='bbox 161 3199 317 3288; x_wconf 77' lang='grc' dir='ltr'><strong><em>ἀπειθείᾳ</em></strong></span> <span class='ocrx_word' id='word_1_216' title='bbox 339 3209 556 3286; x_wconf 80' lang='grc' dir='ltr'><strong><em>ταπεινῶσαι,</em></strong></span> <span class='ocrx_word' id='word_1_217' title='bbox 580 3199 636 3266; x_wconf 80' lang='grc' dir='ltr'><strong><em>καῖ</em></strong></span> <span class='ocrx_word' id='word_1_218' title='bbox 659 3203 706 3266; x_wconf 81' lang='grc' dir='ltr'><strong><em>ἔτι</em></strong></span> <span class='ocrx_word' id='word_1_219' title='bbox 728 3203 856 3285; x_wconf 85' lang='grc' dir='ltr'><strong><em>μᾶλλον</em></strong></span> <span class='ocrx_word' id='word_1_220' title='bbox 880 3199 936 3263; x_wconf 88' lang='grc' dir='ltr'><strong><em>διά</em></strong></span> <span class='ocrx_word' id='word_1_221' title='bbox 959 3197 1017 3274; x_wconf 81' lang='grc' dir='ltr'><strong><em>τάς</em></strong></span> <span class='ocrx_word' id='word_1_222' title='bbox 1038 3198 1179 3283; x_wconf 89' lang='grc' dir='ltr'><strong><em>ὑποσχέ-</em></strong></span> 
     </span>
    </p>
   </div>
   <div class='ocr_carea' id='block_1_3' title="bbox 162 3385 1179 3607">
    <p class='ocr_par' dir='ltr' id='par_1_7' title="bbox 162 3385 1179 3607">
     <span class='ocr_line' id='line_1_29' title="bbox 233 3385 1178 3465; baseline -0.003 -18"><span class='ocrx_word' id='word_1_223' title='bbox 233 3399 251 3448; x_wconf 84' lang='grc'>4</span> <span class='ocrx_word' id='word_1_224' title='bbox 265 3391 394 3465; x_wconf 85' lang='grc' dir='ltr'><strong><em>Ὀρνιβία</em></strong></span> <span class='ocrx_word' id='word_1_225' title='bbox 411 3393 437 3446; x_wconf 83' lang='grc' dir='ltr'><strong>Α</strong></span> <span class='ocrx_word' id='word_1_226' title='bbox 509 3398 542 3446; x_wconf 79' lang='lat'><strong><em>21</em></strong></span> <span class='ocrx_word' id='word_1_227' title='bbox 563 3392 606 3447; x_wconf 81' lang='grc' dir='ltr'><strong><em>δτι</em></strong></span> <span class='ocrx_word' id='word_1_228' title='bbox 625 3390 648 3446; x_wconf 90' lang='lat' dir='ltr'>O</span> <span class='ocrx_word' id='word_1_229' title='bbox 672 3390 717 3446; x_wconf 83' lang='grc' dir='ltr'><strong><em>ὅτε</em></strong></span> <span class='ocrx_word' id='word_1_230' title='bbox 737 3390 858 3462; x_wconf 80' lang='lat' dir='ltr'>Sylburg</span> <span class='ocrx_word' id='word_1_231' title='bbox 881 3385 922 3444; x_wconf 83' lang='grc' dir='ltr'><strong><em>ὅτ’</em></strong></span> <span class='ocrx_word' id='word_1_232' title='bbox 944 3405 997 3458; x_wconf 80' lang='lat' dir='ltr'><strong><em>ego</em></strong></span> <span class='ocrx_word' id='word_1_233' title='bbox 1070 3395 1104 3445; x_wconf 74' lang='lat'><strong><em>22</em></strong></span> <span class='ocrx_word' id='word_1_234' title='bbox 1123 3390 1178 3445; x_wconf 78' lang='grc' dir='ltr'><strong><em>ὑπὸ</em></strong></span> 
     </span>
     <span class='ocr_line' id='line_1_30' title="bbox 162 3460 1179 3534; baseline -0.003 -15"><span class='ocrx_word' id='word_1_235' title='bbox 162 3473 211 3520; x_wconf 80' lang='grc' dir='ltr'><strong><em>τοῦ</em></strong></span> <span class='ocrx_word' id='word_1_236' title='bbox 230 3473 286 3519; x_wconf 83' lang='grc' dir='ltr'><strong><em>τῶν</em></strong></span> <span class='ocrx_word' id='word_1_237' title='bbox 304 3463 433 3531; x_wconf 84' lang='grc' dir='ltr'><strong><em>πενήτων</em></strong></span> <span class='ocrx_word' id='word_1_238' title='bbox 453 3461 544 3534; x_wconf 87' lang='grc' dir='ltr'><strong><em>δήμου</em></strong></span> <span class='ocrx_word' id='word_1_239' title='bbox 562 3461 720 3533; x_wconf 85' lang='grc' dir='ltr'><strong><em>προστάτης</em></strong></span> <span class='ocrx_word' id='word_1_240' title='bbox 738 3461 761 3517; x_wconf 91' lang='grc'><strong>0</strong></span> <span class='ocrx_word' id='word_1_241' title='bbox 780 3477 849 3517; x_wconf 83' lang='lat' dir='ltr'>corr.</span> <span class='ocrx_word' id='word_1_242' title='bbox 869 3460 991 3531; x_wconf 80' lang='lat' dir='ltr'>Sylburg</span> <span class='ocrx_word' id='word_1_243' title='bbox 1059 3467 1094 3516; x_wconf 79' lang='lat'><strong><em>24</em></strong></span> <span class='ocrx_word' id='word_1_244' title='bbox 1112 3480 1179 3516; x_wconf 87' lang='grc' dir='ltr'><strong><em>κατ-</em></strong></span> 
     </span>
     <span class='ocr_line' id='line_1_31' title="bbox 163 3532 678 3607; baseline -0.008 -16"><span class='ocrx_word' id='word_1_245' title='bbox 163 3533 342 3607; x_wconf 83' lang='grc' dir='ltr'><strong><em>εθραμμένος</em></strong></span> <span class='ocrx_word' id='word_1_246' title='bbox 359 3535 407 3588; x_wconf 72' lang='lat' dir='ltr'><strong><em>Ba</em></strong></span> <span class='ocrx_word' id='word_1_247' title='bbox 478 3541 512 3589; x_wconf 78' lang='lat'><strong><em>26</em></strong></span> <span class='ocrx_word' id='word_1_248' title='bbox 532 3532 634 3604; x_wconf 78' lang='grc' dir='ltr'><strong><em>ἔχοντα</em></strong></span> <span class='ocrx_word' id='word_1_249' title='bbox 651 3532 678 3587; x_wconf 84' lang='grc' dir='ltr'><strong>Α</strong></span> 
     </span>
    </p>
   </div>
   <div class='ocr_carea' id='block_1_4' title="bbox 0 0 1342 3974">
    <p class='ocr_par' dir='ltr' id='par_1_8' title="bbox 0 0 1342 3974">
     <span class='ocr_line' id='line_1_32' title="bbox 0 0 1342 3974; baseline 0 0"><span class='ocrx_word' id='word_1_250' title='bbox 0 0 1342 3974; x_wconf 95' lang='lat' dir='ltr'><strong><em> </em></strong></span> 
     </span>
    </p>
   </div>
  </div>
 </body>
</html>
