2586 3972
558 203 800 254 -Θ-·
902 204 922 279 ῃ
1040 146 1147 266 ¹301

129 363 215 446 ὅσην
238 361 356 446 ἠξίουν
379 367 576 449 σημμαχίαν.
609 359 708 428 ταῦθ’
731 364 876 448 ήβουλή
896 370 1053 448 μαθοῦσα
1072 365 1185 450 ἐφη-3

129 470 413 556 φίσατοτρισσάς
435 463 615 554 ἐκπέμψειν
639 469 804 554 στρατιάς,
826 468 882 536 καὶ
904 470 1095 555 γενομένων
1114 471 1151 536 ἐν
1283 484 1285 490 “

128 575 221 661 τάχει
249 563 317 642 τών
339 579 534 661 καταλόγων
556 561 700 653 Λεύκιος
722 574 783 661 μὲν
806 567 963 661 Αἰμίλιος
985 575 1040 642 ἐπὶ
1067 581 1151 664 Τυρ-
1214 601 1217 606 ·

35 703 38 709 ·
129 685 258 766 ρηνοδς
275 682 442 770 ἐπέμφθη·
462 685 629 769 συνήρατο
649 681 679 748 δ’
698 683 786 772 αὐτῷ
806 692 864 768 της
878 672 997 762 ἐξόδου
1014 687 1151 749 Καίσων

132 787 273 872 Φάβιος,
296 789 314 854 δ
337 787 457 854 νεωστὶ
479 791 541 873 τήν
564 789 669 876 ἀρχήν
692 787 912 874 ἀποθέμενος,
936 789 1071 875 δεηθεὶς
1092 801 1150 875 της
1176 811 1188 849 ⁵

68 957 70 963 ,
130 897 256 979 βουλῆς
283 894 455 982 ἐπιτρέψαι
482 896 572 984 αὐτῷ
600 906 671 974 τοῖς
697 895 739 962 ἐν
758 897 914 985 Κρεμέρᾳ
942 896 1150 981 συγγενέσιν,

111 985 191 1078 ὀὓς
207 1001 227 1090 ό
248 1000 515 1086 ἀδελφὸςαύτοῦ
533 1004 789 1094 φρουρήσοντας
807 1004 844 1068 τὸ
860 1007 985 1090 χωρίον
999 1002 1150 1089 ἐξήγαγε,
1211 995 1213 1000 ’
1264 1077 1267 1084 ,

132 1111 289 1172 συνεῖναί
306 1130 342 1172 τε
365 1107 420 1174 καὶ
443 1118 511 1174 τών
533 1108 645 1173 αὐτῶν
669 1108 809 1191 ἀγώνων
822 1109 994 1196 μετέχειν·
1021 1109 1077 1176 καὶ
1101 1095 1149 1190 έξ-
1199 1099 1201 1104 ’

131 1219 217 1298 ἦλθε
237 1217 302 1280 σὺν
314 1224 385 1291 τοῖς
398 1212 480 1300 ἀμφ’
497 1209 601 1282 αὐτὸν
614 1214 748 1302 ἐξουσίᾳ
761 1214 945 1300 κοσμηθεὶς
957 1216 1150 1306 ἀνθυπάτῳ.
1204 1201 1208 1208 ’

68 1321 235 1397 1181Γάιος
263 1317 301 1385 δὲ
324 1322 566 1407 Σερουίλιος-ό
595 1320 706 1408 ἕτερος
732 1333 799 1386 τῶν
826 1321 962 1388 ὑπάτων
985 1321 1043 1388 ἐπί
1063 1305 1192 1418 Οόο-ζδ0

132 1428 297 1509 λούσκους
320 1425 514 1513 ἐστράτευσε
521 1423 534 1462 ·’
553 1428 715 1514 Σερούιος
735 1423 772 1492 δέ
792 1429 939 1514 Φούριος
957 1424 1151 1505 ἀνθύπατος
1189 1469 1206 1482 --

133 1531 187 1599 ἐπὶ
217 1536 256 1598 τὸ
287 1530 445 1598 Αἰκανῶν
479 1535 589 1611 ἔθνος.
613 1537 624 1586 '·
642 1532 768 1622 ἑκάστῳ
797 1528 828 1598 δ’
852 1533 967 1600 ἀὐτῶν
997 1536 1059 1602 δύο
1089 1533 1163 1628 μέν·
1237 1570 1241 1578 =

4 1719 5 1726 ρ
132 1641 280 1726 τάγματα
302 1637 472 1724 Ῥωμαίων
503 1641 629 1725 εἵπετο,
661 1643 818 1707 Λατίνων
846 1638 884 1707 δὲ
910 1639 966 1707 καὶ
988 1639 1151 1728 Ἑρνίκων

133 1745 188 1812 καλ
214 1757 283 1812 τῶν
310 1747 422 1813 ἀλλων
449 1747 632 1833 συμμάχων
660 1747 722 1813 οὐκ
749 1746 872 1813 ἐλάττω
895 1757 954 1832 τῆς
971 1745 1171 1833 Ῥωμαικῆς.
1220 1741 1223 1746 ’

133 1853 318 1936 δυνάμεως.
354 1863 399 1941 τῳ
423 1849 485 1938 μὲν
508 1849 571 1919 οὖν
591 1852 775 1942 ἀνθυπάτῳ
794 1859 947 1942 Σερουίῳ
965 1856 1048 1920 κατὰ
1067 1865 1151 1920 νοῦν
1167 1873 1194 1916 ιτ·

134 1960 152 2026 ὁ
174 1962 320 2044 πόλεμος
342 1957 487 2044 ἐχώρησε
505 1957 566 2038 Ικαὶ
589 1962 654 2024 σὺν
677 1960 777 2044 τάχει.
823 1969 882 2047 μιᾷ
905 1961 968 2052 γάρ
992 1955 1150 2045 ἐτρέψατο

133 2068 213 2142 τοὺς
231 2067 401 2142 Αἰκανοὺς
422 2065 509 2152 μάχη
532 2063 587 2130 καὶ
610 2066 712 2152 ταύτη
735 2067 812 2152 δίχα
835 2070 954 2148 πόνου,
976 2075 1015 2151 τῇ
1039 2068 1150 2152 πρώτη
1243 2115 1245 2120 .

133 2175 212 2249 τοὺς
234 2170 414 2256 πολεμίους
435 2170 596 2256 ἐκπλήξας
618 2170 746 2260 ἐφόδῳ,
769 2171 883 2238 καὶτὸ
903 2173 1025 2272 λοιπὸν
1049 2169 1151 2258 ἐδήου
1177 2227 1180 2236 .
1288 2175 1289 2180 ’

3 2295 4 2346 3
64 2276 66 2280 ’
133 2281 194 2363 τήν
217 2287 282 2362 γήν
304 2277 414 2369 αὐτῶν
437 2279 734 2363 καταπεφευγότων
758 2279 805 2354 εἰς
826 2278 866 2342 τά
890 2275 1045 2362 ἐρύματα.
1088 2284 1186 2349 Σε-ῖ)

134 2388 273 2473 ρουιλίῳ
300 2380 338 2448 δὲ
360 2383 497 2476 θατέρῳ
524 2397 591 2450 τῶν
620 2386 756 2451 ὑπάτων
780 2384 845 2450 ὑπὸ
869 2387 1017 2469 σπουδῆς
1039 2408 1073 2450 τε
1097 2384 1152 2451 καὶ
1167 2409 1192 2448 εο

134 2491 318 2568 αόθαδεώις
346 2488 399 2555 ἐπὶ
427 2493 488 2556 τόν
518 2490 633 2574 ἀγῶνα
662 2494 850 2578 χωρήσαντι
879 2494 966 2556 πολὺ
996 2494 1033 2558 τὸ
1063 2493 1151 2577 παρὰ
1213 2504 1216 2512 ’

43 2597 57 2626 ’·
135 2599 272 2682 γνώμην
304 2595 486 2682 ἀπήντησε,
519 2607 686 2683 καρτερῶς
713 2598 802 2663 πάνυ
830 2607 897 2676 τῶν
927 2597 1152 2693 Οὐολούσκων

115 2701 412 2788 ἀντιταξαμένων,
436 2699 519 2769 ώστ”
535 2694 732 2788 ήναγκάσθη
755 2707 901 2781 πολλοὺς
923 2702 979 2769 καὶ
1002 2702 1152 2786 ἀγαθοὺς

136 2810 263 2893 ἄνδρας
286 2808 453 2886 ἀπολέσας’
470 2807 586 2893 μηκέτι
608 2820 730 2894 χωρεῖν
754 2811 854 2894 ὁμόσε
878 2821 947 2887 τοῖς
969 2814 1167 2893 πολεμίοις,
1250 2835 1252 2840 ·
1287 2827 1288 2830 ’

136 2899 208 2982 ἀλλ”.
232 2914 269 2980 έν
292 2924 337 3003 τῳ
360 2916 478 3001 χάρακι
500 2913 678 3000 ίαιομένων
697 2915 952 3003 ἀκροβολισμοῖς
970 2912 1025 2981 καλ
1043 2921 1152 2993 ψιλῶν
1166 2939 1192 2978 τι

64 3227 66 3232 .
207 3173 388 3250 λέκπέμφαι
406 3195 429 3232 ο.
449 3178 539 3234 Cobet
558 3171 738 3248 01ι,’ρ.ιιε
796 3179 1001 3233 θάνθυπάτου
1021 3195 1043 3232 c.
1058 3143 1152 3231 Κίεειι·Ι
1259 3169 1262 3178 ¹

136 3249 205 3318 ling,
224 3249 276 3304 sed
293 3250 328 3304 cf.
350 3251 389 3304 XI
408 3257 441 3305 62
478 3291 481 3298 .
516 3257 546 3305 11
568 3251 744 3321 φρούριοςΟ
819 3255 853 3304 14
871 3246 991 3320 ἐλάττων
1012 3283 1042 3290 -
1064 3249 1152 3304 δύνα-

136 3340 182 3391 μιν
200 3338 223 3374 ο.
238 3319 382 3390 Kiessh'ng
436 3329 468 3377 21
488 3323 559 3377 πολὺ
578 3321 610 3377 τό
626 3324 648 3376 Ο
667 3320 699 3375 τό
718 3322 769 3374 aut
787 3320 939 3375 delendum
957 3324 1007 3380 aut
1025 3321 1055 3374 in
1069 3328 1151 3376 τοῦτο

136 3392 383 3448 transmutandum
411 3407 472 3448 esse
500 3408 523 3449 ο.
550 3391 691 3448 Hertlein·
705 3391 822 3448 Hermes
841 3394 866 3447 X
885 3399 937 3447 418
966 3393 1037 3448 πολύ
1060 3413 1105 3448 τοι
1118 3408 1151 3449 ,ο
1262 3373 1286 3436 ’1

138 3461 262 3517 Schenkl
279 3461 411 3517 Bursiani
428 3463 495 3530 Litt.
514 3463 586 3520 Anu.
605 3463 724 3519 breviar.
735 3481 770 3532 ,μ
786 3468 820 3517 52
