2660 3976
166 234 232 300 152
589 236 757 287 -Η-

166 402 319 473 πλεῖστος
341 395 463 462 αὐτόθι
489 407 558 462 τῶν
581 397 805 463 Οὐολούσκων
833 394 962 480 ἐγένετο
985 393 1041 461 καλ
1063 399 1187 482 χρόνος

166 512 225 588 τῆς
251 507 460 590 τειχομαχίας
486 505 592 580 πολὺς
619 513 681 569 τοῦ
706 526 742 569 τε
769 507 946 589 κρατήσειν
971 512 1031 587 τῆς
1056 506 1188 580 πόλεως
1318 561 1319 568 ,

167 611 293 697 άπορος
315 610 438 674 ἅπασιν
460 609 481 692 η
505 608 605 686 ἐλπίς.
651 608 824 675 ἀλλάττων
845 607 1085 693 ἀπολλυμένων
1103 609 1187 692 ἀδη-
1319 689 1320 704 χ

168 723 230 783 λον
262 715 366 782 ἐποίει
397 716 460 799 την
489 713 654 782 ἀπουσίαν
686 715 704 781 ὁ
737 716 917 802 στρατηγὸς
949 714 1188 792 ἀντικαθιστὰς
1319 707 1320 710 “

140 820 312 908 εὲτέρους,
334 831 401 886 τῶν
424 816 462 886 δὲ
483 824 680 906 καμνόντων
697 822 932 908 παρεθάρρυνε
954 821 1016 904 τὴν
1033 819 1188 905 ἀθυμίαν

168 926 222 995 ἐπὶ
249 930 286 993 τὸ
314 935 444 994 πονοῦν
471 925 570 1014 μέρος
596 935 654 1011 τῆς
681 937 835 1015 στρατιάς
857 927 957 1004 αὐτὸς
980 927 1187 1011 ὠθούμενος.

167 1030 211 1118 ἣν
244 1030 277 1099 δ’
306 1033 373 1118 οὐχ·
399 1033 419 1100 δ
454 1037 554 1117 λόγος
589 1034 694 1100 αὐτοῦ
730 1037 836 1118 μόνον
867 1033 1037 1118 ἐπαγωγὸς
1068 1035 1116 1110 είς
1146 1035 1188 1098 τὸ

168 1140 328 1226 εὐύυχον,
351 1139 435 1206 ἀλλὰ
457 1137 513 1205 καὶ
534 1140 575 1205 τά
594 1142 682 1227 ἔργα.
727 1140 916 1228 πάνταγὰρ
935 1141 1097 1226 ὑφίστατο
1116 1143 1190 1205 κίν-

170 1247 275 1312 δυνον
297 1243 353 1311 καλ
376 1246 533 1331 οὐδεμιᾶς
555 1251 671 1333 πείρας
697 1247 900 1333 ἀπελείφθη,
928 1245 1011 1324 τέως
1038 1244 1124 1312 ε’άλω
1147 1249 1189 1312 τὸ

129 1334 285 1448 Ξτεῑχος.
322 1356 486 1440 κρατήσας
507 1350 545 1420 δὲ
562 1351 618 1419 καλ
636 1355 757 1438 ταύτης
774 1356 838 1419 σὺν
856 1356 967 1442 χρόνφ
984 1362 1043 1438 της
1060 1356 1191 1430 πόλεως
1323 1345 1324 1354 ’

168 1457 310 1526 καὶτῶν
328 1458 480 1525 ἁλόντων
497 1461 576 1536 τούς
593 1455 654 1544 μὲν
672 1458 710 1524 ἐν
723 1469 844 1546 χειρῶν
863 1461 956 1548 νόμφ
975 1460 1189 1545 διαφθείρας,

168 1568 247 1643 τούς
274 1562 306 1629 δ’
332 1565 559 1651 αἰχμαλώτους
585 1566 699 1650 λαβὼν
726 1564 831 1650 ἀπῆγε
857 1565 919 1648 τὴν
949 1566 1094 1651 δύναμιν
1118 1563 1189 1630 ἐπι-

169 1671 378 1757 φανεστάτην
400 1674 500 1755 νίκην
520 1669 771 1756 ἐξενεγκάμενος
794 1668 849 1736 καλ
872 1670 1007 1755 λάφυρα
1028 1672 1189 1738 κάλλιστα

169 1776 225 1844 καλ
243 1782 379 1843 πλείστα
397 1777 501 1861 άγωυ,
517 1779 665 1864 χρήμασί
678 1801 714 1843 τε
732 1780 947 1863 παμπόλλοις,
966 1771 1014 1842 ὧν
1029 1776 1190 1864 ἐγκρατὴς

130 1903 157 1944 ιι
172 1883 316 1967 ἐγένετο·
347 1878 391 1968 ἧν
421 1877 453 1947 δ’
483 1883 607 1949 αὐτόθι
636 1883 699 1950 ὅσα
730 1883 767 1950 ἐν
800 1881 915 1950 οὐδενὶ
942 1894 1011 1949 τῶν
1037 1882 1270 1952 άλόυτωνισιτ
1326 1877 1327 1894 ³

171 1993 318 2077 χωρίων·
341 1993 521 2066 πλουτίσας
543 1989 605 2072 τὴν
628 1990 794 2077 στρατιάν.

237 2095 327 2161 XXI.
369 2096 467 2163 Μετὰ
498 2105 597 2162 τοῦτο
628 2097 720 2182 χώρα
745 2093 798 2181 θ’,
831 2097 914 2180 ὅσην
944 2097 1190 2182 διαπορεύοιτο,

169 2202 360 2289 ὑποχείριος
380 2197 424 2285 ἣν
446 2199 503 2268 καὶ
524 2205 620 2279 πόλις
647 2203 787 2286 οὐδεμία
812 2203 1010 2286 ἠναντιοῦτο
1034 2202 1096 2281 ἔξω
1120 2207 1191 2269 Λα-

171 2311 316 2391 ουινίου,
334 2308 377 2392 ἣν
395 2309 529 2394 πρώτην
547 2330 583 2372 τε
600 2309 700 2373 πόλιν
718 2309 754 2373 οί
770 2311 834 2373 σὺν
851 2311 971 2396 Λίνείρι
988 2308 1191 2394 κατάραντες

133 2433 161 2474 ω
174 2418 223 2492 είς
241 2412 386 2480 Ἰταλίαν
418 2417 529 2499 Τρῶες
555 2415 703 2498 ἔκτισαν,
732 2411 788 2480 καλ
815 2411 873 2500 ἀφ’
899 2409 940 2498 ἧς
965 2417 1003 2480 τὸ
1021 2411 1196 2499 Ῥωμαίων

172 2517 216 2606 ἦν
240 2519 351 2605 γένος,
377 2521 422 2598 ὡς
448 2516 504 2585 καλ
529 2523 694 2607 πρότερόν
716 2545 774 2606 μοι
801 2523 993 2605 δεδήλωται.
1039 2522 1076 2585 οί
1098 2519 1129 2586 δ’
1156 2521 1195 2587 ἐν

172 2629 275 2716 ταύτη
303 2635 533 2704 κατοικοῦντες
558 2626 667 2692 πάντα
693 2630 855 2715 πρότερον
883 2625 989 2716 ᾤοντο
1012 2629 1086 2692 δεῖν
1110 2628 1194 2694 ὑπο-

174 2732 304 2820 μένειν,
330 2733 352 2818 ἢ
379 2735 417 2800 τὸ
444 2735 528 2819 πρὸς
545 2735 623 2810 τοὺς
646 2731 834 2817 ἀπογόνους
860 2745 956 2819 σφῶν
980 2730 1190 2818 [Ῥωμαίους]

136 2843 158 2907 2
172 2843 292 2908 πιστὸν
307 2838 546 2924 ἐγκαταλιπεῖν.
581 2837 736 2923 ἐγένοντο
755 2836 817 2924 μὲν
831 2833 894 2907 οὐν
911 2837 967 2904 καλ
984 2843 1191 2927 τειχομαχίαι

246 2997 482 3060 λιτολύςοευ.Β
557 2993 985 3065 ’ίτεΒδδΙλΙούλόγοςΒ
1010 2997 1015 3064 Ι
1040 2989 1193 3060 ἒπλΟείς

172 3066 330 3192 Κὶεεελίωχ1
402 3063 662 3139 8όφίστατ<ο>Β
744 3064 860 3130 mm
879 3069 902 3121 0
922 3066 1030 3120 correxi
1111 3075 1144 3123 10
1158 3068 1190 3124 δὲ

173 3160 189 3194 τ
218 3139 226 3160 ’
276 3159 289 3202 ς
422 3143 455 3193 16
477 3146 533 3192 τῶν
551 3136 642 3192 ἄλλων
669 3133 777 3207 χωρίων
805 3154 827 3193 ο.
845 3135 991 3208 Kiessh'ng
1017 3146 1073 3193 τῶν
1099 3138 1191 3194 ἄλλων

190 3159 275 3194 ανται

174 3219 230 3265 τῶν
258 3209 384 3264 ἁλόντων
409 3226 433 3264 ο.
461 3207 591 3263 Hertlein
616 3206 734 3264 Hermes
752 3209 778 3262 X
792 3214 844 3264 41⁷
937 3215 969 3263 17
988 3209 1083 3280 χώραν
1100 3210 1155 3264 AB
1185 3211 1189 3282 Ι

174 3280 391 3351 διαπορεύοιντο
407 3280 434 3335 Α
524 3286 557 3334 19
576 3299 607 3349 γε
627 3278 650 3333 O
673 3298 705 3334 τε
722 3279 827 3334 Reiske
917 3285 951 3334 λλ
972 3279 1067 3334 πάντα
1084 3280 1191 3351 τρόπον

175 3352 226 3406 AO
300 3356 334 3406 λδ
352 3351 492 3421 πογόνους
510 3349 556 3404 Βε
573 3349 730 3422 προγόνους
744 3350 819 3405 ABb
838 3367 909 3407 οοιτ.
928 3349 1051 3420 Sylburg
1076 3356 1080 3421 Ι
1105 3351 1193 3406 *Ῥω-

178 3423 280 3548 μΙαίους
305 3421 381 3491 quod
403 3422 434 3476 in
457 3421 645 3478 deterioribus
669 3421 765 3492 deest,
790 3422 821 3476 in
843 3421 896 3476 AB
919 3423 1021 3490 exstat,
1045 3422 1126 3477 uncis
1149 3422 1191 3476 in·

174 3510 247 3550 cum
