<?xml version="1.0" encoding="UTF-8"?>
<!DOCTYPE html PUBLIC "-//W3C//DTD XHTML 1.0 Transitional//EN"
    "http://www.w3.org/TR/xhtml1/DTD/xhtml1-transitional.dtd">
<html xmlns="http://www.w3.org/1999/xhtml" xml:lang="en" lang="en">
 <head>
  <title>
</title>
<meta http-equiv="Content-Type" content="text/html;charset=utf-8" />
  <meta name='ocr-system' content='tesseract 3.04.00' />
  <meta name='ocr-capabilities' content='ocr_page ocr_carea ocr_par ocr_line ocrx_word'/>
</head>
<body>
  <div class='ocr_page' id='page_1' title='image "./dionysihalicarn00unkngoog/dionysihalicarn00unkngoog_0351.png"; bbox 0 0 2656 3974; ppageno 0'>
   <div class='ocr_carea' id='block_1_1' title="bbox 567 256 1159 321">
    <p class='ocr_par' dir='ltr' id='par_1_1' title="bbox 567 256 1159 321">
     <span class='ocr_line' id='line_1_1' title="bbox 567 256 1159 321; baseline 0.002 -1"><span class='ocrx_word' id='word_1_1' title='bbox 567 256 735 309; x_wconf 86' lang='grc' dir='ltr'><strong><em>-Θ-</em></strong></span> <span class='ocrx_word' id='word_1_2' title='bbox 1094 257 1159 321; x_wconf 86' lang='grc'><strong><em>333</em></strong></span> 
     </span>
    </p>
   </div>
   <div class='ocr_carea' id='block_1_2' title="bbox 14 416 1204 3170">
    <p class='ocr_par' dir='ltr' id='par_1_2' title="bbox 141 416 1202 1570">
     <span class='ocr_line' id='line_1_2' title="bbox 207 416 1160 505; baseline 0.001 -21"><span class='ocrx_word' id='word_1_3' title='bbox 207 417 364 484; x_wconf 85' lang='grc' dir='ltr'><strong>ΧΧΧΠΙ.</strong></span> <span class='ocrx_word' id='word_1_4' title='bbox 404 419 585 495; x_wconf 79' lang='grc' dir='ltr'><strong><em>Τοιούτους</em></strong></span> <span class='ocrx_word' id='word_1_5' title='bbox 611 418 714 482; x_wconf 80' lang='grc' dir='ltr'><strong><em>είπδτυ</em></strong></span> <span class='ocrx_word' id='word_1_6' title='bbox 742 421 864 501; x_wconf 80' lang='grc' dir='ltr'><strong><em>λόγους</em></strong></span> <span class='ocrx_word' id='word_1_7' title='bbox 890 416 946 484; x_wconf 81' lang='grc' dir='ltr'><strong><em>καὶ</em></strong></span> <span class='ocrx_word' id='word_1_8' title='bbox 973 419 1050 484; x_wconf 79' lang='grc' dir='ltr'><strong><em>οὔτε</em></strong></span> <span class='ocrx_word' id='word_1_9' title='bbox 1077 421 1160 505; x_wconf 85' lang='grc' dir='ltr'><strong><em>πρὸς</em></strong></span> 
     </span>
     <span class='ocr_line' id='line_1_3' title="bbox 141 523 1160 612; baseline -0.002 -19"><span class='ocrx_word' id='word_1_10' title='bbox 141 527 358 612; x_wconf 81' lang='grc' dir='ltr'><strong><em>ὀλοφυρμοὺς</em></strong></span> <span class='ocrx_word' id='word_1_11' title='bbox 375 523 430 590; x_wconf 84' lang='grc' dir='ltr'><strong><em>καὶ</em></strong></span> <span class='ocrx_word' id='word_1_12' title='bbox 449 525 668 600; x_wconf 72' lang='grc' dir='ltr'><strong><em>ἀνακλαύσεις</em></strong></span> <span class='ocrx_word' id='word_1_13' title='bbox 686 533 744 608; x_wconf 83' lang='grc' dir='ltr'><strong><em>τῆς</em></strong></span> <span class='ocrx_word' id='word_1_14' title='bbox 758 534 931 609; x_wconf 82' lang='grc' dir='ltr'><strong><em>συμφορᾶς</em></strong></span> <span class='ocrx_word' id='word_1_15' title='bbox 943 527 1160 609; x_wconf 77' lang='grc' dir='ltr'><strong><em>τραπόμενος,</em></strong></span> 
     </span>
     <span class='ocr_line' id='line_1_4' title="bbox 142 629 1161 718; baseline -0.002 -19"><span class='ocrx_word' id='word_1_16' title='bbox 142 629 213 699; x_wconf 77' lang='grc' dir='ltr'><strong><em>οὔτ’</em></strong></span> <span class='ocrx_word' id='word_1_17' title='bbox 242 631 280 699; x_wconf 86' lang='grc' dir='ltr'><strong><em>έν</em></strong></span> <span class='ocrx_word' id='word_1_18' title='bbox 310 634 443 716; x_wconf 85' lang='grc' dir='ltr'><strong><em>δεήσεσι</em></strong></span> <span class='ocrx_word' id='word_1_19' title='bbox 469 629 526 698; x_wconf 79' lang='grc' dir='ltr'><strong><em>καὶ</em></strong></span> <span class='ocrx_word' id='word_1_20' title='bbox 552 636 791 718; x_wconf 77' lang='grc' dir='ltr'><strong><em>προκυλισμοῖς</em></strong></span> <span class='ocrx_word' id='word_1_21' title='bbox 817 630 981 717; x_wconf 74' lang='grc' dir='ltr'><strong><em>ἀσχήμοσι</em></strong></span> <span class='ocrx_word' id='word_1_22' title='bbox 1007 634 1161 708; x_wconf 85' lang='grc' dir='ltr'><strong><em>ταπεινὸς</em></strong></span> 
     </span>
     <span class='ocr_line' id='line_1_5' title="bbox 141 735 1161 824; baseline -0.001 -20"><span class='ocrx_word' id='word_1_23' title='bbox 141 741 261 824; x_wconf 88' lang='grc' dir='ltr'><strong><em>φανείς</em></strong></span> <span class='ocrx_word' id='word_1_24' title='bbox 268 787 278 823; x_wconf 94' lang='grc'><strong><em>,</em></strong></span> <span class='ocrx_word' id='word_1_25' title='bbox 315 737 388 805; x_wconf 75' lang='grc' dir='ltr'><strong><em>οὔτ’</em></strong></span> <span class='ocrx_word' id='word_1_26' title='bbox 420 741 527 824; x_wconf 87' lang='grc' dir='ltr'><strong><em>ἀλλην</em></strong></span> <span class='ocrx_word' id='word_1_27' title='bbox 561 737 683 822; x_wconf 85' lang='grc' dir='ltr'><strong><em>ἀγεννή</em></strong></span> <span class='ocrx_word' id='word_1_28' title='bbox 717 737 872 803; x_wconf 76' lang='grc' dir='ltr'><strong><em>διάθεσιν</em></strong></span> <span class='ocrx_word' id='word_1_29' title='bbox 904 735 1161 822; x_wconf 78' lang='grc' dir='ltr'><strong><em>ἀποδειξάμενος</em></strong></span> 
     </span>
     <span class='ocr_line' id='line_1_6' title="bbox 142 843 1201 932; baseline -0.003 -20"><span class='ocrx_word' id='word_1_30' title='bbox 142 846 304 930; x_wconf 77' lang='grc' dir='ltr'><strong><em>οὐδεμίαν</em></strong></span> <span class='ocrx_word' id='word_1_31' title='bbox 335 843 508 932; x_wconf 84' lang='grc' dir='ltr'><strong><em>παρέδωκε</em></strong></span> <span class='ocrx_word' id='word_1_32' title='bbox 540 846 600 910; x_wconf 88' lang='grc' dir='ltr'><strong><em>τὸν</em></strong></span> <span class='ocrx_word' id='word_1_33' title='bbox 632 847 735 928; x_wconf 91' lang='grc' dir='ltr'><strong><em>λόγου</em></strong></span> <span class='ocrx_word' id='word_1_34' title='bbox 766 857 836 923; x_wconf 88' lang='grc' dir='ltr'><strong><em>τοῖς</em></strong></span> <span class='ocrx_word' id='word_1_35' title='bbox 868 847 1107 932; x_wconf 80' lang='grc' dir='ltr'><strong><em>συναγορεύειν</em></strong></span> <span class='ocrx_word' id='word_1_36' title='bbox 1139 844 1160 930; x_wconf 87' lang='grc' dir='ltr'><strong><em>ή</em></strong></span> <span class='ocrx_word' id='word_1_37' title='bbox 1187 867 1201 909; x_wconf 78' lang='grc' dir='ltr'><strong><em>ε</em></strong></span> 
     </span>
     <span class='ocr_line' id='line_1_7' title="bbox 142 945 1162 1037; baseline 0 -20"><span class='ocrx_word' id='word_1_38' title='bbox 142 962 325 1037; x_wconf 78' lang='grc' dir='ltr'><strong><em>μαρτυρεῖν</em></strong></span> <span class='ocrx_word' id='word_1_39' title='bbox 357 946 586 1036; x_wconf 70' lang='grc' dir='ltr'><strong><em>βουλομένοις</em></strong></span> <span class='ocrx_word' id='word_1_40' title='bbox 638 949 758 1017; x_wconf 83' lang='grc' dir='ltr'><strong><em>πολλοὶ</em></strong></span> <span class='ocrx_word' id='word_1_41' title='bbox 789 947 852 1036; x_wconf 77' lang='grc' dir='ltr'><strong><em>μέν</em></strong></span> <span class='ocrx_word' id='word_1_42' title='bbox 884 945 946 1018; x_wconf 83' lang='grc' dir='ltr'><strong><em>οὖν</em></strong></span> <span class='ocrx_word' id='word_1_43' title='bbox 977 949 1033 1017; x_wconf 82' lang='grc' dir='ltr'><strong><em>καὶ</em></strong></span> <span class='ocrx_word' id='word_1_44' title='bbox 1065 953 1162 1017; x_wconf 76' lang='grc' dir='ltr'><strong><em>ἄλλοι</em></strong></span> 
     </span>
     <span class='ocr_line' id='line_1_8' title="bbox 142 1053 1161 1144; baseline 0 -20"><span class='ocrx_word' id='word_1_45' title='bbox 142 1060 319 1144; x_wconf 84' lang='grc' dir='ltr'><strong><em>παριόντες</em></strong></span> <span class='ocrx_word' id='word_1_46' title='bbox 360 1056 508 1123; x_wconf 83' lang='grc' dir='ltr'><strong><em>ἀπέλυον</em></strong></span> <span class='ocrx_word' id='word_1_47' title='bbox 548 1057 651 1122; x_wconf 82' lang='grc' dir='ltr'><strong><em>αὐτὸν</em></strong></span> <span class='ocrx_word' id='word_1_48' title='bbox 687 1065 746 1140; x_wconf 81' lang='grc' dir='ltr'><strong><em>τῆς</em></strong></span> <span class='ocrx_word' id='word_1_49' title='bbox 784 1059 904 1140; x_wconf 78' lang='grc' dir='ltr'><strong><em>αἰτίας,</em></strong></span> <span class='ocrx_word' id='word_1_50' title='bbox 945 1059 1087 1143; x_wconf 89' lang='grc' dir='ltr'><strong><em>μάλιστα</em></strong></span> <span class='ocrx_word' id='word_1_51' title='bbox 1123 1053 1161 1123; x_wconf 73' lang='grc' dir='ltr'><strong><em>δὲ</em></strong></span> 
     </span>
     <span class='ocr_line' id='line_1_9' title="bbox 144 1163 1161 1251; baseline 0 -21"><span class='ocrx_word' id='word_1_52' title='bbox 144 1165 344 1250; x_wconf 83' lang='grc' dir='ltr'><strong><em>Οὐεργίνιος</em></strong></span> <span class='ocrx_word' id='word_1_53' title='bbox 368 1164 389 1231; x_wconf 73' lang='grc' dir='ltr'><strong><em>’ὁ</em></strong></span> <span class='ocrx_word' id='word_1_54' title='bbox 417 1165 499 1230; x_wconf 77' lang='grc' dir='ltr'><strong><em>κατὰ</em></strong></span> <span class='ocrx_word' id='word_1_55' title='bbox 517 1166 587 1232; x_wconf 82' lang='grc' dir='ltr'><strong><em>τὸν</em></strong></span> <span class='ocrx_word' id='word_1_56' title='bbox 613 1163 717 1229; x_wconf 87' lang='grc' dir='ltr'><strong><em>αύτδν</em></strong></span> <span class='ocrx_word' id='word_1_57' title='bbox 744 1163 931 1241; x_wconf 86' lang='grc' dir='ltr'><strong><em>ὑπατεύσας</em></strong></span> <span class='ocrx_word' id='word_1_58' title='bbox 957 1167 1081 1251; x_wconf 89' lang='grc' dir='ltr'><strong><em>χρόνον</em></strong></span> <span class='ocrx_word' id='word_1_59' title='bbox 1106 1163 1161 1229; x_wconf 80' lang='grc' dir='ltr'><strong><em>καὶ</em></strong></span> 
     </span>
     <span class='ocr_line' id='line_1_10' title="bbox 143 1265 1162 1356; baseline -0.001 -19"><span class='ocrx_word' id='word_1_60' title='bbox 143 1281 202 1356; x_wconf 82' lang='grc' dir='ltr'><strong><em>τής</em></strong></span> <span class='ocrx_word' id='word_1_61' title='bbox 228 1274 323 1354; x_wconf 83' lang='grc' dir='ltr'><strong><em>νίκης</em></strong></span> <span class='ocrx_word' id='word_1_62' title='bbox 350 1275 455 1348; x_wconf 87' lang='grc' dir='ltr'><strong><em>αίτως</em></strong></span> <span class='ocrx_word' id='word_1_63' title='bbox 482 1265 569 1335; x_wconf 74' lang='grc' dir='ltr'><strong><em>εἶναι</em></strong></span> <span class='ocrx_word' id='word_1_64' title='bbox 596 1271 720 1336; x_wconf 80' lang='grc' dir='ltr'><strong><em>δοκῶν·</em></strong></span> <span class='ocrx_word' id='word_1_65' title='bbox 753 1269 790 1354; x_wconf 86' lang='grc' dir='ltr'><strong><em>ὃς</em></strong></span> <span class='ocrx_word' id='word_1_66' title='bbox 816 1269 858 1335; x_wconf 86' lang='grc' dir='ltr'><strong><em>οὐ</em></strong></span> <span class='ocrx_word' id='word_1_67' title='bbox 881 1273 987 1354; x_wconf 90' lang='grc' dir='ltr'><strong><em>μόνον</em></strong></span> <span class='ocrx_word' id='word_1_68' title='bbox 1010 1268 1162 1336; x_wconf 90' lang='grc' dir='ltr'><strong><em>ἀναίτιον</em></strong></span> 
     </span>
     <span class='ocr_line' id='line_1_11' title="bbox 143 1367 1202 1463; baseline -0.004 -19"><span class='ocrx_word' id='word_1_69' title='bbox 143 1379 248 1444; x_wconf 86' lang='grc' dir='ltr'><strong><em>αύτὸν</em></strong></span> <span class='ocrx_word' id='word_1_70' title='bbox 276 1375 475 1463; x_wconf 81' lang='grc' dir='ltr'><strong><em>ἀπέφαινεν,</em></strong></span> <span class='ocrx_word' id='word_1_71' title='bbox 503 1376 588 1444; x_wconf 86' lang='grc' dir='ltr'><strong><em>ἀλλά</em></strong></span> <span class='ocrx_word' id='word_1_72' title='bbox 614 1374 671 1442; x_wconf 81' lang='grc' dir='ltr'><strong><em>καί</em></strong></span> <span class='ocrx_word' id='word_1_73' title='bbox 698 1376 743 1453; x_wconf 80' lang='grc' dir='ltr'><strong><em>ὡς</em></strong></span> <span class='ocrx_word' id='word_1_74' title='bbox 764 1367 942 1462; x_wconf 80' lang='grc' dir='ltr'><strong><em>κράτιστον</em></strong></span> <span class='ocrx_word' id='word_1_75' title='bbox 963 1374 1097 1463; x_wconf 81' lang='grc' dir='ltr'><strong><em>ἀνδρῶν</em></strong></span> <span class='ocrx_word' id='word_1_76' title='bbox 1121 1378 1161 1442; x_wconf 84' lang='grc' dir='ltr'><strong><em>τά</em></strong></span> <span class='ocrx_word' id='word_1_77' title='bbox 1175 1402 1202 1440; x_wconf 89' lang='lat'><strong><em>10</em></strong></span> 
     </span>
     <span class='ocr_line' id='line_1_12' title="bbox 141 1481 1165 1570; baseline -0.002 -20"><span class='ocrx_word' id='word_1_78' title='bbox 141 1482 285 1568; x_wconf 87' lang='grc' dir='ltr'><strong><em>πολέμια</em></strong></span> <span class='ocrx_word' id='word_1_79' title='bbox 324 1482 380 1550; x_wconf 81' lang='grc' dir='ltr'><strong><em>καὶ</em></strong></span> <span class='ocrx_word' id='word_1_80' title='bbox 423 1493 616 1570; x_wconf 76' lang='grc' dir='ltr'><strong><em>στρατηγῶν</em></strong></span> <span class='ocrx_word' id='word_1_81' title='bbox 656 1485 911 1568; x_wconf 84' lang='grc' dir='ltr'><strong><em>φρονιμώτατον</em></strong></span> <span class='ocrx_word' id='word_1_82' title='bbox 951 1481 1165 1549; x_wconf 76' lang='grc' dir='ltr'><strong><em>ἐπαινεῖσθαί</em></strong></span> 
     </span>
    </p>

    <p class='ocr_par' dir='ltr' id='par_1_3' title="bbox 14 1586 1204 3170">
     <span class='ocr_line' id='line_1_13' title="bbox 14 1586 1201 1680; baseline 0.004 -24"><span class='ocrx_word' id='word_1_83' title='bbox 14 1627 15 1680; x_wconf 67' lang='lat'><em>3</em></span> <span class='ocrx_word' id='word_1_84' title='bbox 140 1613 179 1657; x_wconf 89' lang='grc' dir='ltr'><strong><em>τε</em></strong></span> <span class='ocrx_word' id='word_1_85' title='bbox 209 1589 267 1656; x_wconf 79' lang='grc' dir='ltr'><strong><em>καὶ</em></strong></span> <span class='ocrx_word' id='word_1_86' title='bbox 297 1596 460 1675; x_wconf 75' lang='grc' dir='ltr'><strong><em>τιμᾶσθαι</em></strong></span> <span class='ocrx_word' id='word_1_87' title='bbox 490 1589 557 1655; x_wconf 82' lang='grc' dir='ltr'><strong><em>ὑπὸ</em></strong></span> <span class='ocrx_word' id='word_1_88' title='bbox 588 1590 724 1656; x_wconf 84' lang='grc' dir='ltr'><strong><em>πάντων</em></strong></span> <span class='ocrx_word' id='word_1_89' title='bbox 755 1589 860 1674; x_wconf 86' lang='grc' dir='ltr'><strong><em>ήξίου.</em></strong></span> <span class='ocrx_word' id='word_1_90' title='bbox 911 1593 973 1680; x_wconf 84' lang='grc' dir='ltr'><strong><em>Ιἔφη</em></strong></span> <span class='ocrx_word' id='word_1_91' title='bbox 1007 1586 1045 1655; x_wconf 73' lang='grc' dir='ltr'><strong><em>δὲ</em></strong></span> <span class='ocrx_word' id='word_1_92' title='bbox 1077 1591 1201 1674; x_wconf 82' lang='grc' dir='ltr'><strong><em>δεῖν,2</em></strong></span> 
     </span>
     <span class='ocr_line' id='line_1_14' title="bbox 14 1693 1162 1783; baseline -0.002 -19"><span class='ocrx_word' id='word_1_93' title='bbox 14 1699 15 1754; x_wconf 76' lang='lat'>3</span> <span class='ocrx_word' id='word_1_94' title='bbox 141 1699 175 1764; x_wconf 91' lang='grc' dir='ltr'><strong><em>εί</em></strong></span> <span class='ocrx_word' id='word_1_95' title='bbox 203 1693 265 1782; x_wconf 72' lang='grc' dir='ltr'><strong><em>μὲν</em></strong></span> <span class='ocrx_word' id='word_1_96' title='bbox 294 1695 426 1782; x_wconf 77' lang='grc' dir='ltr'><strong><em>ἀγαθὸν</em></strong></span> <span class='ocrx_word' id='word_1_97' title='bbox 455 1703 584 1763; x_wconf 88' lang='grc' dir='ltr'><strong><em>οίονται</em></strong></span> <span class='ocrx_word' id='word_1_98' title='bbox 610 1695 704 1774; x_wconf 82' lang='grc' dir='ltr'><strong><em>τέλος</em></strong></span> <span class='ocrx_word' id='word_1_99' title='bbox 730 1694 902 1783; x_wconf 80' lang='grc' dir='ltr'><strong><em>εἰληφέναι</em></strong></span> <span class='ocrx_word' id='word_1_100' title='bbox 928 1699 988 1763; x_wconf 85' lang='grc' dir='ltr'><strong><em>τὸν</em></strong></span> <span class='ocrx_word' id='word_1_101' title='bbox 1015 1700 1162 1783; x_wconf 88' lang='grc' dir='ltr'><strong><em>πόλεμον</em></strong></span> 
     </span>
     <span class='ocr_line' id='line_1_15' title="bbox 142 1799 1162 1890; baseline 0.001 -22"><span class='ocrx_word' id='word_1_102' title='bbox 142 1802 343 1889; x_wconf 87' lang='grc' dir='ltr'><strong><em>ἀμφοτέροις</em></strong></span> <span class='ocrx_word' id='word_1_103' title='bbox 373 1807 469 1889; x_wconf 86' lang='grc' dir='ltr'><strong><em>σφίσι</em></strong></span> <span class='ocrx_word' id='word_1_104' title='bbox 497 1803 559 1886; x_wconf 83' lang='grc' dir='ltr'><strong><em>τήν</em></strong></span> <span class='ocrx_word' id='word_1_105' title='bbox 588 1803 687 1890; x_wconf 91' lang='grc' dir='ltr'><strong><em>χάριν</em></strong></span> <span class='ocrx_word' id='word_1_106' title='bbox 717 1799 856 1870; x_wconf 89' lang='grc' dir='ltr'><strong><em>είδέναι·</em></strong></span> <span class='ocrx_word' id='word_1_107' title='bbox 888 1807 920 1869; x_wconf 89' lang='grc' dir='ltr'><strong><em>εί</em></strong></span> <span class='ocrx_word' id='word_1_108' title='bbox 948 1800 986 1870; x_wconf 73' lang='grc' dir='ltr'><strong><em>δέ</em></strong></span> <span class='ocrx_word' id='word_1_109' title='bbox 1012 1806 1162 1890; x_wconf 89' lang='grc' dir='ltr'><strong><em>πονηρὸν</em></strong></span> 
     </span>
     <span class='ocr_line' id='line_1_16' title="bbox 14 1897 1202 1996; baseline 0 -22"><span class='ocrx_word' id='word_1_110' title='bbox 14 1897 15 1902; x_wconf 26' lang='lat'>¹</span> <span class='ocrx_word' id='word_1_111' title='bbox 143 1910 354 1996; x_wconf 83' lang='grc' dir='ltr'><strong><em>ἀμφοτέρους</em></strong></span> <span class='ocrx_word' id='word_1_112' title='bbox 378 1915 529 1995; x_wconf 79' lang='grc' dir='ltr'><strong><em>ζημιοῦν·</em></strong></span> <span class='ocrx_word' id='word_1_113' title='bbox 551 1910 649 1976; x_wconf 79' lang='grc' dir='ltr'><strong><em>κοινὰ</em></strong></span> <span class='ocrx_word' id='word_1_114' title='bbox 671 1911 735 1996; x_wconf 83' lang='grc' dir='ltr'><strong><em>γάρ</em></strong></span> <span class='ocrx_word' id='word_1_115' title='bbox 759 1908 946 1987; x_wconf 82' lang='grc' dir='ltr'><strong><em>αὐτοῖςκαὶ</em></strong></span> <span class='ocrx_word' id='word_1_116' title='bbox 963 1910 1004 1975; x_wconf 80' lang='grc' dir='ltr'><strong><em>τὰ</em></strong></span> <span class='ocrx_word' id='word_1_117' title='bbox 1022 1910 1202 1995; x_wconf 78' lang='grc' dir='ltr'><strong><em>βουλεύ-ιε</em></strong></span> 
     </span>
     <span class='ocr_line' id='line_1_17' title="bbox 74 2016 1163 2103; baseline -0.001 -19"><span class='ocrx_word' id='word_1_118' title='bbox 74 2035 231 2103; x_wconf 79' lang='grc' dir='ltr'><strong><em>ιεεοματα</em></strong></span> <span class='ocrx_word' id='word_1_119' title='bbox 253 2016 309 2083; x_wconf 79' lang='grc' dir='ltr'><strong><em>καί</em></strong></span> <span class='ocrx_word' id='word_1_120' title='bbox 330 2019 372 2083; x_wconf 85' lang='grc' dir='ltr'><strong><em>τά</em></strong></span> <span class='ocrx_word' id='word_1_121' title='bbox 395 2021 475 2103; x_wconf 80' lang='grc' dir='ltr'><strong><em>ἔργα</em></strong></span> <span class='ocrx_word' id='word_1_122' title='bbox 498 2016 554 2083; x_wconf 77' lang='grc' dir='ltr'><strong><em>καί</em></strong></span> <span class='ocrx_word' id='word_1_123' title='bbox 576 2017 635 2094; x_wconf 87' lang='grc' dir='ltr'><strong><em>τάς</em></strong></span> <span class='ocrx_word' id='word_1_124' title='bbox 658 2016 694 2082; x_wconf 94' lang='grc' dir='ltr'><strong><em>έκ</em></strong></span> <span class='ocrx_word' id='word_1_125' title='bbox 716 2027 778 2084; x_wconf 86' lang='grc' dir='ltr'><strong><em>τοῦ</em></strong></span> <span class='ocrx_word' id='word_1_126' title='bbox 797 2018 973 2101; x_wconf 86' lang='grc' dir='ltr'><strong><em>δαιμονίου</em></strong></span> <span class='ocrx_word' id='word_1_127' title='bbox 992 2018 1092 2101; x_wconf 89' lang='grc' dir='ltr'><strong><em>τύχας</em></strong></span> <span class='ocrx_word' id='word_1_128' title='bbox 1109 2039 1163 2101; x_wconf 87' lang='grc' dir='ltr'><strong><em>γε·</em></strong></span> 
     </span>
     <span class='ocr_line' id='line_1_18' title="bbox 143 2108 1163 2209; baseline -0.001 -19"><span class='ocrx_word' id='word_1_129' title='bbox 143 2122 290 2207; x_wconf 88' lang='grc' dir='ltr'><strong><em>γονέναι.</em></strong></span> <span class='ocrx_word' id='word_1_130' title='bbox 335 2120 379 2208; x_wconf 87' lang='grc' dir='ltr'><strong><em>ήν</em></strong></span> <span class='ocrx_word' id='word_1_131' title='bbox 407 2120 438 2190; x_wconf 86' lang='grc' dir='ltr'><strong><em>δ’</em></strong></span> <span class='ocrx_word' id='word_1_132' title='bbox 466 2125 507 2190; x_wconf 85' lang='grc' dir='ltr'><strong><em>οὐ</em></strong></span> <span class='ocrx_word' id='word_1_133' title='bbox 535 2127 641 2209; x_wconf 89' lang='grc' dir='ltr'><strong><em>μόνον</em></strong></span> <span class='ocrx_word' id='word_1_134' title='bbox 664 2124 682 2191; x_wconf 87' lang='grc' dir='ltr'>ὁ</span> <span class='ocrx_word' id='word_1_135' title='bbox 709 2127 808 2207; x_wconf 90' lang='grc' dir='ltr'><strong><em>λόγος</em></strong></span> <span class='ocrx_word' id='word_1_136' title='bbox 830 2132 891 2189; x_wconf 87' lang='grc' dir='ltr'><strong><em>τοῦ</em></strong></span> <span class='ocrx_word' id='word_1_137' title='bbox 913 2108 1051 2208; x_wconf 89' lang='grc' dir='ltr'><strong><em>ἀνδρός,</em></strong></span> <span class='ocrx_word' id='word_1_138' title='bbox 1078 2122 1163 2190; x_wconf 87' lang='grc' dir='ltr'><strong><em>ἀλλά</em></strong></span> 
     </span>
     <span class='ocr_line' id='line_1_19' title="bbox 143 2228 1163 2316; baseline 0 -21"><span class='ocrx_word' id='word_1_139' title='bbox 143 2228 200 2296; x_wconf 84' lang='grc' dir='ltr'><strong><em>καὶ</em></strong></span> <span class='ocrx_word' id='word_1_140' title='bbox 223 2231 242 2297; x_wconf 84' lang='grc' dir='ltr'><strong>ὁ</strong></span> <span class='ocrx_word' id='word_1_141' title='bbox 266 2233 338 2315; x_wconf 83' lang='grc' dir='ltr'><strong><em>βίος</em></strong></span> <span class='ocrx_word' id='word_1_142' title='bbox 356 2235 499 2315; x_wconf 74' lang='grc' dir='ltr'><strong><em>πείθων,</em></strong></span> <span class='ocrx_word' id='word_1_143' title='bbox 520 2231 558 2296; x_wconf 84' lang='grc' dir='ltr'><strong><em>έν</em></strong></span> <span class='ocrx_word' id='word_1_144' title='bbox 576 2231 700 2296; x_wconf 84' lang='grc' dir='ltr'><strong><em>ἀπασιν</em></strong></span> <span class='ocrx_word' id='word_1_145' title='bbox 719 2229 936 2314; x_wconf 82' lang='grc' dir='ltr'><strong><em>ἐξητασμένος</em></strong></span> <span class='ocrx_word' id='word_1_146' title='bbox 954 2232 1065 2316; x_wconf 82' lang='grc' dir='ltr'><strong><em>ἔργοις</em></strong></span> <span class='ocrx_word' id='word_1_147' title='bbox 1083 2229 1163 2313; x_wconf 89' lang='grc' dir='ltr'><strong><em>ἀγα-</em></strong></span> 
     </span>
     <span class='ocr_line' id='line_1_20' title="bbox 143 2332 1202 2424; baseline 0.005 -22"><span class='ocrx_word' id='word_1_148' title='bbox 143 2343 232 2414; x_wconf 74' lang='grc' dir='ltr'><strong><em>θοῖς.</em></strong></span> <span class='ocrx_word' id='word_1_149' title='bbox 267 2347 398 2424; x_wconf 83' lang='grc' dir='ltr'><strong><em>προσῆν</em></strong></span> <span class='ocrx_word' id='word_1_150' title='bbox 421 2334 459 2403; x_wconf 77' lang='grc' dir='ltr'><strong><em>δὲ</em></strong></span> <span class='ocrx_word' id='word_1_151' title='bbox 480 2339 623 2422; x_wconf 87' lang='grc' dir='ltr'><strong><em>τούτοις,</em></strong></span> <span class='ocrx_word' id='word_1_152' title='bbox 647 2337 665 2402; x_wconf 88' lang='grc' dir='ltr'><strong><em>δ</em></strong></span> <span class='ocrx_word' id='word_1_153' title='bbox 688 2342 844 2403; x_wconf 86' lang='grc' dir='ltr'><strong><em>πλεῖστον</em></strong></span> <span class='ocrx_word' id='word_1_154' title='bbox 868 2335 1019 2420; x_wconf 81' lang='grc' dir='ltr'><strong><em>ἐκίνησεν</em></strong></span> <span class='ocrx_word' id='word_1_155' title='bbox 1038 2332 1163 2421; x_wconf 80' lang='grc' dir='ltr'><strong><em>οἶκτον,</em></strong></span> <span class='ocrx_word' id='word_1_156' title='bbox 1182 2344 1202 2407; x_wconf 84' lang='grc'><strong>3</strong></span> 
     </span>
     <span class='ocr_line' id='line_1_21' title="bbox 144 2435 1204 2530; baseline -0.003 -19"><span class='ocrx_word' id='word_1_157' title='bbox 144 2445 254 2523; x_wconf 74' lang='grc' dir='ltr'><strong><em>ὄψεως</em></strong></span> <span class='ocrx_word' id='word_1_158' title='bbox 276 2453 385 2530; x_wconf 79' lang='grc' dir='ltr'><strong><em>σχῆμα</em></strong></span> <span class='ocrx_word' id='word_1_159' title='bbox 409 2442 594 2529; x_wconf 79' lang='grc' dir='ltr'><strong><em>συμπαθές,</em></strong></span> <span class='ocrx_word' id='word_1_160' title='bbox 617 2435 692 2510; x_wconf 87' lang='grc' dir='ltr'><strong><em>οἷον</em></strong></span> <span class='ocrx_word' id='word_1_161' title='bbox 713 2442 789 2530; x_wconf 80' lang='grc' dir='ltr'><strong><em>περὶ</em></strong></span> <span class='ocrx_word' id='word_1_162' title='bbox 808 2443 929 2520; x_wconf 80' lang='grc' dir='ltr'><strong><em>αὐτοὺς</em></strong></span> <span class='ocrx_word' id='word_1_163' title='bbox 946 2446 1025 2520; x_wconf 81' lang='grc' dir='ltr'><strong><em>τοὺς</em></strong></span> <span class='ocrx_word' id='word_1_164' title='bbox 1042 2464 1163 2509; x_wconf 86' lang='grc' dir='ltr'><strong><em>πεπου-</em></strong></span> <span class='ocrx_word' id='word_1_165' title='bbox 1178 2469 1204 2508; x_wconf 82' lang='grc' dir='ltr'><strong><em>εο</em></strong></span> 
     </span>
     <span class='ocr_line' id='line_1_22' title="bbox 144 2549 1163 2636; baseline -0.002 -19"><span class='ocrx_word' id='word_1_166' title='bbox 144 2553 250 2627; x_wconf 78' lang='grc' dir='ltr'><strong><em>θότας</em></strong></span> <span class='ocrx_word' id='word_1_167' title='bbox 277 2550 297 2634; x_wconf 87' lang='grc' dir='ltr'><strong><em>ή</em></strong></span> <span class='ocrx_word' id='word_1_168' title='bbox 326 2549 507 2636; x_wconf 85' lang='grc' dir='ltr'><strong><em>μέλλοντας</em></strong></span> <span class='ocrx_word' id='word_1_169' title='bbox 533 2551 673 2635; x_wconf 78' lang='grc' dir='ltr'><strong><em>πάσχειν</em></strong></span> <span class='ocrx_word' id='word_1_170' title='bbox 699 2549 740 2614; x_wconf 89' lang='grc' dir='ltr'><strong><em>τά</em></strong></span> <span class='ocrx_word' id='word_1_171' title='bbox 767 2550 862 2614; x_wconf 84' lang='grc' dir='ltr'><strong><em>δεινά</em></strong></span> <span class='ocrx_word' id='word_1_172' title='bbox 885 2553 1041 2634; x_wconf 75' lang='grc' dir='ltr'><strong><em>γίνεσθαι</em></strong></span> <span class='ocrx_word' id='word_1_173' title='bbox 1063 2555 1163 2634; x_wconf 87' lang='grc' dir='ltr'><strong><em>φιλεῖ.</em></strong></span> 
     </span>
     <span class='ocr_line' id='line_1_23' title="bbox 145 2654 1163 2742; baseline -0.004 -18"><span class='ocrx_word' id='word_1_174' title='bbox 145 2659 230 2724; x_wconf 77' lang='grc' dir='ltr'><strong><em>ὥστε</em></strong></span> <span class='ocrx_word' id='word_1_175' title='bbox 259 2656 314 2723; x_wconf 81' lang='grc' dir='ltr'><strong><em>καὶ</em></strong></span> <span class='ocrx_word' id='word_1_176' title='bbox 342 2660 421 2734; x_wconf 85' lang='grc' dir='ltr'><strong><em>τοὺς</em></strong></span> <span class='ocrx_word' id='word_1_177' title='bbox 449 2658 677 2742; x_wconf 79' lang='grc' dir='ltr'><strong><em>προσήκοντας</em></strong></span> <span class='ocrx_word' id='word_1_178' title='bbox 705 2666 774 2732; x_wconf 88' lang='grc' dir='ltr'><strong><em>τοῖς</em></strong></span> <span class='ocrx_word' id='word_1_179' title='bbox 802 2655 992 2723; x_wconf 84' lang='grc' dir='ltr'><strong><em>ἀπολωλόσι</em></strong></span> <span class='ocrx_word' id='word_1_180' title='bbox 1020 2654 1077 2721; x_wconf 87' lang='grc' dir='ltr'><strong><em>καὶ</em></strong></span> <span class='ocrx_word' id='word_1_181' title='bbox 1107 2657 1163 2721; x_wconf 90' lang='grc' dir='ltr'><strong><em>δο-</em></strong></span> 
     </span>
     <span class='ocr_line' id='line_1_24' title="bbox 144 2762 1164 2848; baseline -0.004 -18"><span class='ocrx_word' id='word_1_182' title='bbox 144 2773 289 2841; x_wconf 84' lang='grc' dir='ltr'><strong><em>κοῦντας</em></strong></span> <span class='ocrx_word' id='word_1_183' title='bbox 311 2764 536 2839; x_wconf 86' lang='grc' dir='ltr'><strong><em>ἀδιαλλάκτως</em></strong></span> <span class='ocrx_word' id='word_1_184' title='bbox 559 2765 647 2846; x_wconf 82' lang='grc' dir='ltr'><strong><em>ἔχειν</em></strong></span> <span class='ocrx_word' id='word_1_185' title='bbox 669 2762 753 2846; x_wconf 89' lang='grc' dir='ltr'><strong><em>πρὸς</em></strong></span> <span class='ocrx_word' id='word_1_186' title='bbox 774 2763 834 2828; x_wconf 87' lang='grc' dir='ltr'><strong><em>τὸν</em></strong></span> <span class='ocrx_word' id='word_1_187' title='bbox 857 2769 965 2829; x_wconf 89' lang='grc' dir='ltr'><strong><em>αίτιον</em></strong></span> <span class='ocrx_word' id='word_1_188' title='bbox 989 2765 1083 2848; x_wconf 89' lang='grc' dir='ltr'><strong><em>σφίσι</em></strong></span> <span class='ocrx_word' id='word_1_189' title='bbox 1105 2771 1164 2846; x_wconf 83' lang='grc' dir='ltr'><strong><em>τής</em></strong></span> 
     </span>
     <span class='ocr_line' id='line_1_25' title="bbox 146 2865 1164 2957; baseline -0.003 -21"><span class='ocrx_word' id='word_1_190' title='bbox 146 2880 332 2957; x_wconf 85' lang='grc' dir='ltr'><strong><em>συμφορᾶς,</em></strong></span> <span class='ocrx_word' id='word_1_191' title='bbox 353 2867 607 2955; x_wconf 85' lang='grc' dir='ltr'><strong><em>μαλακωτέρους</em></strong></span> <span class='ocrx_word' id='word_1_192' title='bbox 628 2865 789 2952; x_wconf 75' lang='grc' dir='ltr'><strong><em>γενέσθαι</em></strong></span> <span class='ocrx_word' id='word_1_193' title='bbox 811 2867 867 2934; x_wconf 82' lang='grc' dir='ltr'><strong><em>καὶ</em></strong></span> <span class='ocrx_word' id='word_1_194' title='bbox 889 2867 1080 2935; x_wconf 76' lang='grc' dir='ltr'><strong><em>ἀποθέσθαι</em></strong></span> <span class='ocrx_word' id='word_1_195' title='bbox 1101 2870 1164 2953; x_wconf 87' lang='grc' dir='ltr'><strong><em>τήν</em></strong></span> 
     </span>
     <span class='ocr_line' id='line_1_26' title="bbox 146 2974 1203 3064; baseline -0.009 -21"><span class='ocrx_word' id='word_1_196' title='bbox 146 2977 267 3064; x_wconf 89' lang='grc' dir='ltr'><strong><em>ὀργήν,</em></strong></span> <span class='ocrx_word' id='word_1_197' title='bbox 294 2978 339 3054; x_wconf 81' lang='grc' dir='ltr'><strong><em>ὡς</em></strong></span> <span class='ocrx_word' id='word_1_198' title='bbox 366 2977 549 3060; x_wconf 79' lang='grc' dir='ltr'><strong><em>ἐδήλωσαν.</em></strong></span> <span class='ocrx_word' id='word_1_199' title='bbox 595 2974 830 3042; x_wconf 75' lang='grc' dir='ltr'><strong><em>ἀναδοθεισῶν</em></strong></span> <span class='ocrx_word' id='word_1_200' title='bbox 856 2976 920 3061; x_wconf 85' lang='grc' dir='ltr'><strong><em>γάρ</em></strong></span> <span class='ocrx_word' id='word_1_201' title='bbox 948 2985 1017 3041; x_wconf 81' lang='grc' dir='ltr'><strong><em>τῶν</em></strong></span> <span class='ocrx_word' id='word_1_202' title='bbox 1038 2978 1163 3060; x_wconf 74' lang='grc' dir='ltr'><strong><em>ψήφων</em></strong></span> <span class='ocrx_word' id='word_1_203' title='bbox 1178 2994 1203 3035; x_wconf 81' lang='grc' dir='ltr'><strong><em>ει</em></strong></span> 
     </span>
     <span class='ocr_line' id='line_1_27' title="bbox 147 3076 1164 3170; baseline -0.003 -20"><span class='ocrx_word' id='word_1_204' title='bbox 147 3083 287 3168; x_wconf 85' lang='grc' dir='ltr'><strong><em>οὐδεμία</em></strong></span> <span class='ocrx_word' id='word_1_205' title='bbox 313 3085 404 3170; x_wconf 87' lang='grc' dir='ltr'><strong><em>φυλή</em></strong></span> <span class='ocrx_word' id='word_1_206' title='bbox 432 3094 493 3150; x_wconf 85' lang='grc' dir='ltr'><strong><em>τοῦ</em></strong></span> <span class='ocrx_word' id='word_1_207' title='bbox 521 3082 644 3170; x_wconf 88' lang='grc' dir='ltr'><strong><em>ἀνδρὸς</em></strong></span> <span class='ocrx_word' id='word_1_208' title='bbox 669 3085 925 3167; x_wconf 82' lang='grc' dir='ltr'><strong><em>κατεψηφίσατο.</em></strong></span> <span class='ocrx_word' id='word_1_209' title='bbox 972 3082 990 3148; x_wconf 88' lang='grc' dir='ltr'><strong><em>δ</em></strong></span> <span class='ocrx_word' id='word_1_210' title='bbox 1016 3079 1078 3167; x_wconf 73' lang='grc' dir='ltr'><strong><em>μὲν</em></strong></span> <span class='ocrx_word' id='word_1_211' title='bbox 1101 3076 1164 3147; x_wconf 83' lang='grc' dir='ltr'><strong><em>οὖν</em></strong></span> 
     </span>
    </p>
   </div>
   <div class='ocr_carea' id='block_1_3' title="bbox 146 3309 1164 3524">
    <p class='ocr_par' dir='ltr' id='par_1_4' title="bbox 146 3309 1164 3524">
     <span class='ocr_line' id='line_1_28' title="bbox 221 3309 1164 3380; baseline -0.001 -15"><span class='ocrx_word' id='word_1_212' title='bbox 221 3311 342 3366; x_wconf 72' lang='grc' dir='ltr'><strong><em>λαύτδν</em></strong></span> <span class='ocrx_word' id='word_1_213' title='bbox 361 3328 415 3368; x_wconf 85' lang='lat' dir='ltr'><strong><em>om.</em></strong></span> <span class='ocrx_word' id='word_1_214' title='bbox 429 3313 455 3366; x_wconf 88' lang='lat' dir='ltr'>A</span> <span class='ocrx_word' id='word_1_215' title='bbox 527 3312 599 3374; x_wconf 74' lang='grc' dir='ltr'><strong><em>θὼς</em></strong></span> <span class='ocrx_word' id='word_1_216' title='bbox 617 3313 661 3366; x_wconf 78' lang='lat' dir='ltr'><strong><em>Ba</em></strong></span> <span class='ocrx_word' id='word_1_217' title='bbox 680 3309 754 3373; x_wconf 69' lang='grc' dir='ltr'><strong><em>δςάδ</em></strong></span> <span class='ocrx_word' id='word_1_218' title='bbox 827 3317 859 3364; x_wconf 92' lang='grc'><strong><em>11</em></strong></span> <span class='ocrx_word' id='word_1_219' title='bbox 879 3315 1043 3380; x_wconf 82' lang='grc' dir='ltr'><strong><em>στρατηγεῖν</em></strong></span> <span class='ocrx_word' id='word_1_220' title='bbox 1062 3326 1085 3364; x_wconf 89' lang='grc' dir='ltr'><strong><em>ο.</em></strong></span> <span class='ocrx_word' id='word_1_221' title='bbox 1101 3309 1164 3364; x_wconf 79' lang='lat' dir='ltr'>sin-</span> 
     </span>
     <span class='ocr_line' id='line_1_29' title="bbox 146 3379 1163 3454; baseline -0.001 -17"><span class='ocrx_word' id='word_1_222' title='bbox 146 3380 222 3437; x_wconf 69' lang='lat' dir='ltr'><strong>tenis</strong></span> <span class='ocrx_word' id='word_1_223' title='bbox 240 3380 301 3436; x_wconf 85' lang='lat' dir='ltr'><strong><em>Em.</em></strong></span> <span class='ocrx_word' id='word_1_224' title='bbox 320 3382 402 3438; x_wconf 85' lang='lat' dir='ltr'>Dion.</span> <span class='ocrx_word' id='word_1_225' title='bbox 417 3383 487 3437; x_wconf 79' lang='lat'><strong>1113</strong></span> <span class='ocrx_word' id='word_1_226' title='bbox 506 3382 599 3454; x_wconf 81' lang='grc' dir='ltr'><strong><em>ἄνδρα</em></strong></span> <span class='ocrx_word' id='word_1_227' title='bbox 613 3413 647 3423; x_wconf 96' lang='grc'><strong>-</strong></span> <span class='ocrx_word' id='word_1_228' title='bbox 662 3381 817 3451; x_wconf 83' lang='grc' dir='ltr'><strong><em>στρατηγὸν</em></strong></span> <span class='ocrx_word' id='word_1_229' title='bbox 836 3398 859 3436; x_wconf 88' lang='grc' dir='ltr'><strong><em>ο.</em></strong></span> <span class='ocrx_word' id='word_1_230' title='bbox 875 3379 964 3437; x_wconf 77' lang='lat' dir='ltr'><strong>Cobet</strong></span> <span class='ocrx_word' id='word_1_231' title='bbox 983 3381 1050 3436; x_wconf 86' lang='lat' dir='ltr'>Obs.</span> <span class='ocrx_word' id='word_1_232' title='bbox 1067 3399 1096 3450; x_wconf 89' lang='lat' dir='ltr'><strong><em>p.</em></strong></span> <span class='ocrx_word' id='word_1_233' title='bbox 1112 3387 1163 3436; x_wconf 81' lang='lat'><strong><em>180</em></strong></span> 
     </span>
     <span class='ocr_line' id='line_1_30' title="bbox 150 3451 1164 3524; baseline 0.002 -18"><span class='ocrx_word' id='word_1_234' title='bbox 150 3457 183 3506; x_wconf 90' lang='lat'><strong><em>18</em></strong></span> <span class='ocrx_word' id='word_1_235' title='bbox 203 3452 218 3506; x_wconf 89' lang='grc' dir='ltr'><strong><em>δ</em></strong></span> <span class='ocrx_word' id='word_1_236' title='bbox 237 3455 348 3508; x_wconf 67' lang='grc' dir='ltr'><strong><em>πείθων</em></strong></span> <span class='ocrx_word' id='word_1_237' title='bbox 366 3453 413 3508; x_wconf 76' lang='lat' dir='ltr'><strong><em>Ba</em></strong></span> <span class='ocrx_word' id='word_1_238' title='bbox 433 3461 437 3522; x_wconf 65' lang='grc'><strong>1</strong></span> <span class='ocrx_word' id='word_1_239' title='bbox 458 3454 569 3524; x_wconf 77' lang='grc' dir='ltr'><strong><em>ἀγαθός</em></strong></span> <span class='ocrx_word' id='word_1_240' title='bbox 592 3471 615 3509; x_wconf 87' lang='grc' dir='ltr'><strong><em>ο.</em></strong></span> <span class='ocrx_word' id='word_1_241' title='bbox 635 3453 800 3508; x_wconf 73' lang='lat' dir='ltr'>dubitanter</span> <span class='ocrx_word' id='word_1_242' title='bbox 818 3451 962 3523; x_wconf 78' lang='lat' dir='ltr'>Kiessling</span> <span class='ocrx_word' id='word_1_243' title='bbox 1033 3459 1066 3507; x_wconf 78' lang='lat'><strong><em>22</em></strong></span> <span class='ocrx_word' id='word_1_244' title='bbox 1086 3451 1164 3508; x_wconf 90' lang='grc' dir='ltr'><strong><em>ἀπω-</em></strong></span> 
     </span>
    </p>
   </div>
   <div class='ocr_carea' id='block_1_4' title="bbox 147 3523 978 3595">
    <p class='ocr_par' dir='ltr' id='par_1_5' title="bbox 147 3523 978 3595">
     <span class='ocr_line' id='line_1_31' title="bbox 147 3523 978 3595; baseline -0.001 -17"><span class='ocrx_word' id='word_1_245' title='bbox 147 3528 209 3579; x_wconf 86' lang='grc' dir='ltr'><strong><em>λοσι</em></strong></span> <span class='ocrx_word' id='word_1_246' title='bbox 226 3524 273 3578; x_wconf 80' lang='lat' dir='ltr'><strong><em>Ba</em></strong></span> <span class='ocrx_word' id='word_1_247' title='bbox 344 3530 380 3580; x_wconf 79' lang='lat'><strong><em>24</em></strong></span> <span class='ocrx_word' id='word_1_248' title='bbox 398 3523 611 3595; x_wconf 83' lang='grc' dir='ltr'><strong><em>μαλακωτέρους</em></strong></span> <span class='ocrx_word' id='word_1_249' title='bbox 628 3527 761 3594; x_wconf 72' lang='grc' dir='ltr'><strong><em>γίνεσθαι</em></strong></span> <span class='ocrx_word' id='word_1_250' title='bbox 779 3524 830 3595; x_wconf 81' lang='grc' dir='ltr'><strong><em>τὴν</em></strong></span> <span class='ocrx_word' id='word_1_251' title='bbox 850 3523 935 3595; x_wconf 83' lang='grc' dir='ltr'><strong><em>ἀργὴν</em></strong></span> <span class='ocrx_word' id='word_1_252' title='bbox 953 3525 978 3577; x_wconf 88' lang='grc' dir='ltr'><strong>Α</strong></span> 
     </span>
    </p>
   </div>
   <div class='ocr_carea' id='block_1_5' title="bbox 0 0 1339 3974">
    <p class='ocr_par' dir='ltr' id='par_1_6' title="bbox 0 0 1339 3974">
     <span class='ocr_line' id='line_1_32' title="bbox 0 0 1339 3974; baseline 0 0"><span class='ocrx_word' id='word_1_253' title='bbox 0 0 1339 3974; x_wconf 95' lang='lat' dir='ltr'><strong><em> </em></strong></span> 
     </span>
    </p>
   </div>
  </div>
 </body>
</html>
