2660 3976
160 230 225 294 124
579 234 746 284 -H-

157 395 246 476 παρά
275 404 343 459 τῶν
371 392 504 479 ἐχθρῶν
530 395 735 477 βουλόμενος
763 395 893 476 λαβεῖν,
926 389 970 457 δι’
1002 385 1043 457 οὗ
1071 387 1101 456 δ’
1134 390 1180 456 ἀν

158 499 242 586 αύτη
261 497 391 584 γένοιτο
410 503 535 586 τρόπου
553 497 608 566 καὶ
627 496 672 565 δι’
695 500 768 577 οἵας
786 499 959 583 δυνάμεως
977 497 1181 564 ἀνασκοπῶν

158 609 240 691 μίαν
258 607 390 693 εύρισκε
408 604 581 692 Ῥωμαίοις
597 604 664 673 τότ’
688 605 870 672 ἀντίπαλον
889 608 986 690 ίσχὺν
1008 606 1070 690 τὴν
1091 605 1180 670 Οὐο-

158 715 331 797 λούσκων,
365 715 397 778 εί
428 723 524 799 κοινῇ
555 713 758 798 χρησάμενοι
791 715 907 799 γνώμη
936 711 992 778 καὶ
1021 713 1181 798 τυχόντες

132 821 321 905 ιηγεμόνος
343 822 510 905 ἔμφρονος
528 817 743 903 ἐνστήσονται
760 822 845 906 πρὸς
865 820 986 896 αὐτοὺς
1003 821 1063 885 τὸν
1081 821 1180 884 πόλε-

124 931 233 1012 3μον.
275 924 440 1008 ἐλογίζετο
456 921 562 1010 <μέν>
581 921 656 1011 οὖν,
679 927 724 1004 ὡς
744 928 775 991 εί
790 929 913 992 πείσειε
931 929 1010 1004 τοὺς
1029 924 1180 990 Οὐολού-

159 1048 260 1109 σκους
283 1029 447 1110 δέξασθαί
465 1029 494 1098 τ’
517 1032 621 1100 αὐτὸν
643 1031 698 1099 καὶ
721 1035 783 1118 τὴν
804 1034 987 1118 ἡγεμονίαν
1005 1031 1180 1118 ἐπιτρέψαι

158 1149 219 1204 τοῦ
249 1136 411 1222 πολέμου,
441 1139 566 1226 ῥαδίως
594 1140 684 1228 αὐτῷ
716 1139 970 1225 διαπεπράξεται
996 1142 1034 1206 τὸ
1063 1142 1178 1224 ἔργον·

123 1231 313 1331 7’ἐτάραττε
340 1243 370 1310 δ’
398 1245 501 1312 αὐτὸν
528 1246 548 1330 ἡ
577 1249 783 1330 συνείδησις,
811 1247 862 1311 ὅτι
884 1245 1073 1322 πλειστάκις
1094 1245 1179 1310 κατδ

43 1324 86 1414 ού
120 1369 146 1410 10
158 1353 217 1429 τάς
239 1352 343 1437 μάχας
366 1353 460 1417 δεινά
483 1343 653 1439 δεδρακὼς
675 1348 718 1437 ἦν
740 1353 863 1430 αὐτοὺς
884 1350 940 1417 καὶ
962 1354 1075 1429 πόλεις
1095 1367 1178 1435 συμ-

159 1460 300 1542 μαχίδας
326 1457 546 1546 ἀφῃρημένος.
599 1459 640 1525 οὐ
667 1461 734 1544 μὴν
762 1458 885 1543 ἀπέστη
913 1482 950 1542 γε
977 1467 1036 1542 τῆς
1062 1460 1179 1542 πείρας

160 1566 276 1631 διὰτὸ
299 1574 359 1630 τοῦ
381 1566 545 1632 κινδύνου
568 1564 722 1650 μέγεθος,
745 1563 816 1632 ἀλλ’
843 1567 890 1642 είς
913 1565 996 1629 αὐτὰ
1019 1565 1059 1629 τὰ
1082 1565 1178 1629 δεινά

158 1682 279 1757 χωρεῖν
306 1669 528 1754 ἐβουλεύσατο
557 1669 613 1736 καὶ
644 1673 784 1757 πάσχειν
815 1669 870 1737 ὑπ’
908 1671 1019 1735 αὐτῶν
1051 1670 1256 1737 δτιοῦν.1504

69 1781 145 1844 ”4
158 1775 308 1862 φυλάξας
332 1774 369 1842 δέ
391 1779 495 1842 νύκτα
517 1776 573 1843 καὶ
595 1779 721 1862 ταύτην
744 1782 901 1844 σκοταίαν
928 1773 1009 1861 ἧκεν
1036 1779 1084 1854 είς
1097 1776 1177 1843 ’‘Av-

119 1903 145 1944 ιε
158 1907 244 1967 τιον,
265 1884 327 1967 τὴν
351 1881 613 1968 ἐπιφανεστάτην
635 1895 703 1949 τῶν
727 1883 763 1949 ἐν
787 1884 1013 1960 Οὐολούσκοις
1034 1886 1177 1968 πόλεων,

158 1989 256 2073 ἡνίκα
279 1988 355 2075 περὶ
378 1991 516 2055 δεῖπνον
538 1985 624 2074 ἦσαν
642 1991 678 2055 οἱ
697 1992 780 2056 κατὰ
802 1991 864 2075 τὴν
884 1992 994 2074 πόλιν,
1016 1988 1072 2056 καὶ
1093 2012 1178 2076 παρ-

159 2098 271 2162 ελδὼν
291 2098 338 2174 είς
357 2098 466 2161 οίκίαν
485 2095 608 2182 ἀνδρὸς
626 2098 785 2182 δυνατοῦ,
809 2094 853 2161 δι’
876 2094 1047 2181 εὐγένειάν
1067 2093 1176 2162 τεκαὶ

159 2207 306 2268 πλοῦτον
337 2200 393 2267 καὶ
419 2203 477 2279 τὰς
505 2201 541 2267 ἐν
569 2214 638 2280 τοῖς
663 2202 820 2288 πολέμοις
847 2202 981 2290 πράξεις
1007 2202 1090 2288 μέγα
1118 2203 1134 2268 ἐ
1164 2199 1172 2224 ’

160 2306 265 2395 ἑαυτῷ
294 2318 502 2394 φρονοῦντος
528 2307 584 2373 καὶ
610 2312 648 2375 τὸ
677 2312 777 2387 έδνος
800 2310 881 2376 ὅλον
904 2311 1044 2394 άγοντος
1067 2311 1113 2387 ὡς
1135 2311 1175 2374 τά

120 2437 147 2478 εο
160 2414 278 2497 πολλά,
301 2409 327 2503 ᾧ
351 2416 478 2492 Τύλλος
491 2413 621 2493 ’Ἄττιος
644 2418 749 2501 ὄνομα
767 2410 822 2500 ἦν,
846 2414 954 2499 ίκέτης
973 2426 1035 2481 τοῦ
1052 2414 1176 2501 ἀνδρὸς

79 2526 145 2592 ...5
159 2525 286 2605 γίνεται
308 2523 528 2606 καθεζόμενος
556 2520 610 2586 ἐπὶ
632 2531 690 2606 τῆς
713 2520 829 2600 ἑστίας.
876 2522 1118 2606 διηγησάμενος
1141 2519 1171 2586 δ’

160 2628 248 2716 αύτῷ
267 2629 325 2706 τὰς
343 2629 569 2714 κατασχούσας
586 2628 689 2693 αὐτὸν
707 2627 863 2712 ἀνάγκας,
882 2625 927 2693 δι’
946 2628 984 2705 ἃς
999 2626 1176 2713 ὑπέμεινεν

159 2733 213 2799 ἐπὶ
235 2738 314 2812 τοὺς
337 2734 480 2821 ἐχθροὺς
502 2746 722 2820 καταφυγεῖν,
752 2733 868 2822 μέτρια
890 2734 985 2818 ἠξίου
1007 2744 1176 2820 φρονῆσαι

159 2840 215 2906 καὶ
243 2840 442 2928 ἀνθρώπινα
468 2838 543 2927 περὶ
569 2839 693 2928 ἀνδρὸς
721 2839 831 2906 ίκέτου
857 2838 913 2906 καὶ
943 2838 1056 2926 μηκέτι
1079 2840 1251 2908 πολύ-1505

120 2966 146 3007 τι
160 2972 239 3032 μιον
257 2947 412 3032 ἡγεῖσθαι
430 2949 489 3013 τὸν
507 2947 700 3033 ὑποχείριον
718 2944 796 3032 μηδ’
813 2950 860 3025 είς
876 2950 956 3024 τοὺς
974 2947 1177 3032 ἀτυχοῦντας

158 3053 214 3119 καὶ
249 3053 550 3139 τεταπεινωμένους
587 3053 853 3120 ἀποδείκνυσθαι
890 3055 951 3137 τὴν
988 3056 1085 3140 ίσχὺν
1123 3054 1176 3120 έν-

233 3217 248 3264 6
268 3204 404 3280 ἐλογίζετο
417 3219 487 3281 γοῦν
501 3210 524 3265 0
539 3206 676 3281 ἐλογίζετο
690 3208 741 3266 οδν
755 3229 777 3266 ο.
794 3211 919 3266 δὶιιῒουίε
929 3210 989 3265 Em.
999 3210 1080 3266 Dion.
1091 3211 1131 3265 III
1142 3218 1176 3266 12

161 3275 183 3335 ἐ.
203 3280 254 3349 μὲν
273 3277 324 3335 οάν
343 3281 444 3336 Garrer
459 3281 524 3336 Oba.
539 3301 566 3352 p.
582 3289 615 3338 38
689 3289 705 3338 9
723 3282 882 3345 πλειστάκις
901 3281 986 3354 κατὰ]
1000 3280 1107 3336 πλεῖστ’
1124 3284 1177 3336 αῦ-

160 3352 225 3414 τοῦς
244 3351 316 3406 κατὰ
330 3369 352 3407 ο.
373 3351 464 3408 Cobet
477 3352 542 3407 Obs.
556 3372 584 3422 p.
602 3359 652 3408 152
670 3358 786 3408 πλεῖστα
805 3353 878 3408 κατὰ
890 3353 965 3408 Prou
1021 3358 1054 3407 10
1073 3354 1178 3416 αύτούς

161 3422 216 3477 del.
236 3421 325 3477 Cobet
342 3423 361 3479 l.
375 3423 394 3479 l.
451 3429 484 3478 14
499 3422 603 3478 Ἀντίον
617 3425 669 3479 AB
726 3432 759 3480 15
775 3420 805 3479 ἐν
824 3442 878 3481 om.
892 3425 917 3477 A
972 3429 1006 3478 22
1025 3423 1176 3493 ὑπέμεινεν

161 3495 186 3547 A
205 3491 340 3563 ὑπομένει
358 3499 436 3564 Amg
495 3501 529 3549 26
545 3489 820 3551 έπιαποδείκνυσδαι
838 3496 863 3548 A
