2660 3976
201 206 267 270 νον
626 208 793 256 -Η-

200 371 307 455 χειρίμ
329 370 403 433 τότε
430 378 490 434 τοῦ
513 369 595 434 κατὰ
618 377 676 452 τής
697 368 857 453 πατρίδος
879 369 985 434 άπτου
1008 365 1167 452 πολέμου,
1196 367 1218 451 ή

200 477 239 540 τὸ
271 477 496 558 μητροκτόνον
528 474 609 558 άγος
645 473 843 557 αἰδούμενος
881 468 971 552 εἶξον
1002 481 1041 558 τή
1074 485 1219 540 σεαυτοῦ

164 578 299 666 δμητρί
321 578 377 645 καὶ
401 582 470 663 δός,
493 575 519 644 ὦ
543 578 673 664 τέκνον,
695 581 756 664 τήν
773 579 872 666 χάριν
891 576 983 644 ἑκών.
1029 583 1136 664 νόμον
1156 579 1219 664 μὲν

199 682 307 772 <ούυ>
321 688 431 771 τόνδε,
450 685 490 751 δν
509 684 625 763 οὐθεὶς
642 687 774 752 πώποτε
792 684 905 751 άνελεῑ
920 688 1052 772 χρόνος,
1069 688 1218 773 τιμωρὸν

171 792 252 859 εκαὶ
277 794 451 878 σύμμαχον
474 795 596 878 ἔχουσα
620 792 681 858 οὐκ
705 791 795 876 ἀξιῶ,
818 793 963 875 Μάρκιε,
991 796 1075 878 μόνη
1099 805 1219 879 τιμῶν,

199 901 238 977 δίς
257 895 354 977 οὗτός
371 923 427 984 μοι
447 900 598 983 δίδωσιν,
621 900 758 985 άμοιρος
777 898 812 964 έκ
832 909 894 966 σοῦ
912 898 1084 982 γενέσθαι·
1108 903 1219 987 ἔργων

199 1003 236 1071 δέ
263 1017 415 1092 χρηστῶν
438 1007 657 1091 ὑπομνήσεις,
687 1003 731 1072 ἵν’
759 1005 832 1092 ἀφῶ
860 1009 920 1072 τὸν
947 1009 1070 1091 νόμον,
1099 1009 1218 1073 σκόπει

197 1112 299 1179 πάλιν
321 1113 366 1190 ὡς
387 1114 511 1190 πολλὰς
532 1111 589 1178 καὶ
611 1113 766 1198 μεγάλας·
795 1113 867 1196 ήτις
891 1113 1040 1199 ὀρφανὸν
1063 1113 1130 1179 ὑπὸ
1154 1125 1217 1180 τοῦ

197 1221 320 1306 πατρὸς
337 1218 600 1305 καταλειφθέντα
619 1235 656 1285 σε
674 1223 912 1307 παραλαβοῦσα
926 1222 1048 1304 νήπιον
1062 1218 1216 1305 διέμεινα

158 1325 252 1392 ιοέπὶ
283 1324 336 1393 σοὶ
365 1329 451 1413 χήρα
481 1323 536 1391 καὶ
565 1329 645 1404 τούς
673 1325 727 1392 έπὶ
756 1335 814 1410 τῆς
842 1329 1082 1413 παιδοτροφίας
1112 1326 1276 1412 αἰνήν-1627

197 1438 300 1518 τλησα
322 1435 464 1517 πόνους,
492 1432 533 1499 ού
561 1434 667 1520 μήτηρ
691 1435 812 1518 μόνον,
840 1431 924 1498 άλλδι
950 1431 1006 1499 καὶ
1028 1436 1136 1521 πατήρ
1160 1434 1215 1500 καὶ

196 1541 321 1625 τροφὸς
347 1537 402 1604 καὶ
429 1537 558 1624 ἀδελφή
586 1537 641 1604 καὶ
669 1540 776 1604 πάντα
802 1540 843 1604 τά
870 1539 1010 1624 φίλτατά
1038 1557 1091 1606 σοι
1118 1565 1215 1624 γενο-

159 1644 289 1730 4μένη.
340 1644 453 1729 έπειδή
485 1642 515 1710 δ’
550 1647 597 1724 είς
631 1647 757 1733 ἄνδρας
785 1642 906 1731 ήλθες,
942 1644 1017 1724 ε’ξόν
1049 1670 1107 1730 μοι
1139 1650 1213 1712 τότε

196 1751 407 1837 ἀπηλλάχθαι
426 1762 493 1817 τῶν
511 1754 703 1838 φροντίδων
721 1750 820 1843 ἑτέρφ
839 1750 1032 1837 γημαμένην
1046 1750 1102 1818 καί
1117 1752 1213 1839 ἕτερα

155 1884 180 1921 15
193 1857 292 1925 τέκνα
334 1857 514 1945 ἐπιθρέψαι
554 1857 609 1924 καὶ
649 1860 775 1937 πολλάς
810 1862 1039 1946 γηροβοσκοὺς
1075 1857 1212 1938 ἐλπίδας

194 1965 318 2052 έμαυτή
345 1971 555 2049 καταλιπεῖν,
583 1966 644 2032 οὐκ
670 1967 884 2051 ἠβουλήθην,
914 1962 986 2031 ἀλλ’
1014 1968 1129 2050 ἔμεινα
1158 1964 1211 2032 ἐπὶ

193 2081 250 2156 τῆς
272 2070 373 2157 αὐτῆς
396 2069 505 2150 ἑστίας
527 2070 583 2137 καὶ
605 2075 664 2138 τὸν
687 2072 790 2140 αὐτὸν
814 2071 949 2159 ἔστερξα
971 2075 1064 2157 βίον,
1094 2072 1133 2138 έν
1157 2071 1211 2138 σοὶ

193 2181 285 2268 μόνφ
308 2180 415 2256 πάσας
436 2185 569 2246 τιθείσα
591 2179 650 2257 τὰς
672 2178 813 2264 ἐμαυτῆς
840 2179 964 2264 ἡδονάς
986 2203 1020 2244 τε
1043 2176 1099 2244 καὶ
1124 2180 1211 2264 ὠφε-

193 2288 295 2362 λείας·
324 2279 371 2351 ιῖιν
400 2287 542 2366 ἔψευσάς
569 2310 608 2370 με
632 2287 671 2351 τά
694 2282 756 2371 μὲν
778 2288 881 2370 άκων,
911 2287 952 2352 τὰ
975 2283 1004 2350 δ’
1033 2283 1131 2370 ἑκών,
1154 2284 1209 2351 καὶ

151 2413 179 2452 εο
192 2400 309 2456 πασῶν
346 2390 567 2478 ἀτυχεστάτην
605 2391 761 2477 ἐποίησας
795 2392 956 2479 μητέρων.
1008 2403 1108 2458 ποῖον
1145 2394 1208 2478 γάρ

192 2499 332 2583 χρόνον,
362 2497 418 2584 ἀφ’
446 2495 487 2566 οὗ
509 2516 547 2566 σε
570 2501 618 2578 είς
640 2501 765 2582 ἄνδρας
787 2501 930 2584 ήγαγον,
953 2500 1035 2564 άνευ
1058 2500 1166 2583 λύπης
1188 2499 1207 2583 ἢ

191 2607 301 2689 φόβου
330 2604 512 2690 διετέλεσα,
544 2606 565 2690 ή
592 2609 672 2672 πότε
704 2607 823 2693 ίλαρδιν
851 2609 951 2691 ἔσχον
984 2604 1037 2672 ἐπὶ
1065 2603 1120 2672 σοὶ
1147 2607 1208 2690 τήν

189 2713 302 2798 ύυχήν
321 2712 487 2796 πολέμους
505 2710 559 2800 έπὶ
576 2711 732 2798 πολέμοις
756 2711 934 2779 στέλλοντα
958 2713 1070 2800 δρῶσά
1097 2729 1133 2778 σε
1152 2709 1207 2778 καὶ

191 2819 295 2905 μάχας
313 2817 366 2885 ἐπὶ
385 2818 504 2904 μάχαις
521 2817 767 2905 ἀναιρούμενον
784 2818 839 2884 καὶ
858 2815 1016 2906 τραύματ’
1035 2817 1088 2884 ἐπὶ
1107 2821 1206 2904 τραύ-

149 2947 177 2988 25
191 2943 270 3010 μασι
294 2925 519 3010 λαμβάνοντας

256 3030 327 3096 LII.
365 3029 451 3097 Ἀλλ’
473 3031 506 3109 ἐξ
526 3026 567 3097 οὗ
586 3030 778 3098 έπολιτεύου
796 3029 851 3097 καὶ
869 3032 910 3097 τά
927 3031 1024 3098 κοιυδι
1043 3032 1204 3116 ἔπραττες,

261 3183 348 3243 4ούν
368 3187 433 3242 add.
452 3187 555 3242 Reiske
577 3191 581 3258 Ι
604 3188 698 3243 ἀνειλε
718 3187 740 3244 O
760 3205 829 3242 corr.
844 3187 934 3242 Cobet
946 3187 1012 3244 Var.
1031 3187 1108 3242 Lect.
1127 3205 1153 3257 p.
1168 3189 1201 3238 35

190 3262 206 3309 9
226 3275 255 3311 σε
275 3258 382 3314 add.B
474 3265 505 3313 11
526 3258 597 3314 ἀλλὰ
619 3259 668 3314 καλ
691 3259 783 3329 πατὴρ
807 3258 856 3314 καί
879 3259 1002 3328 ἀδελφὸς
1025 3258 1075 3313 καὶ
1099 3256 1201 3328 τροφὸς

188 3326 238 3381 καί
262 3329 372 3398 ἀδελφὴ
397 3329 419 3386 O
442 3330 592 3399 praeterB
685 3336 717 3384 16
736 3330 985 3404 <ή>βουλήθηνΒ
1077 3337 1110 3384 19
1127 3326 1200 3402 <με>

188 3397 388 3535 {mmm
407 3400 474 3456 τάδε
492 3401 518 3455 Α
599 3407 633 3455 22
652 3401 704 3470 τὴν
723 3402 831 3458 add.B
912 3407 947 3457 26
967 3395 996 3468 έξ
1016 3397 1050 3456 οδ
1070 3399 1198 3456 Gelenius
