2656 3974
565 215 733 268 -Θ-
1053 163 1158 282 '355

141 375 285 463 ἀμοιβὴν
309 373 339 442 δ’
364 375 524 461 οὐδεμίαν
548 376 743 462 ἐκομίσαντο
766 378 856 462 παρά
878 386 946 443 τῶν
964 379 1192 465 πατρικίων,2

140 481 213 550 οὐδ’
236 482 433 567 ἀπήλαυσαν
456 482 596 560 οὐδενὸς
617 495 684 549 τῶν
703 495 827 551 κοινῶν
846 483 996 568 ἀγαθῶν,
1020 483 1092 552 ἀλλ’
1113 487 1158 564 ὡς

139 588 273 679 πολέμῳ
297 588 433 667 ἁλόντες
455 588 675 678 ἀφῃρέθησαν
697 587 754 657 ὑπ’
777 591 888 657 αὐτῶν
910 589 966 658 καὶ
986 592 1047 676 τὴν
1067 591 1157 658 ἐλευ-

61 739 65 749 1
138 700 273 785 θερίαν,
295 696 338 780 ἣν
361 695 599 763 ἀνασώσασθαι
622 702 822 784 βουλόμενοι
845 704 1036 765 καταλιπεῖν
1054 700 1157 785 ἠναγ-

139 804 314 889 κάσθησαν
337 804 399 887 τὴν
422 804 565 889 πατρίδα
587 806 685 893 πύθςο
708 814 768 890 γῆς
792 804 919 893 ἑτέρας,
944 805 981 872 ἐν
1003 799 1025 892 ᾖ
1050 809 1087 872 τὸ
1111 808 1156 892 μὴ
1184 823 1197 865 ⁶

139 910 336 994 ὑβρίζεσθαι
359 909 473 987 αὐτοῖς
496 907 687 997 ἐλευθέροις
709 905 808 978 οὖσιν
830 913 982 1001 ὑπάρξει·
1005 910 1062 978 καὶ
1080 913 1157 979 οὔτε

138 1017 334 1101 βιασάμενοι
352 1015 414 1100 τὴν
433 1017 561 1101 βουλὴν
580 1016 656 1082 οὔτε
674 1015 807 1108 πολέμφ
824 1019 1158 1104 προσαναγκάσαντες

21 1177 22 1188 ,
138 1122 279 1207 εὕροντο
301 1123 363 1206 την
387 1121 440 1188 ἐπὶ
462 1123 503 1188 τά
526 1119 669 1208 σφέτερα
692 1123 856 1208 κάθοδον,
879 1124 1017 1212 ἀξιούσῃ
1041 1123 1079 1191 δὲ
1101 1124 1158 1192 καὶ

73 1226 279 1314 ιειοδεομένη
306 1229 346 1293 τά
375 1226 592 1314 ἐκλειφθέντα
614 1226 796 1314 ἀπολαβεῖν
819 1229 966 1308 εῖξαντες
990 1233 1155 1314 [ἐδωκαν].

137 1336 216 1412 τούς
244 1330 280 1400 θ’
308 1334 429 1420 ὅρκους
456 1331 579 1420 διεξῄει
606 1331 741 1412 καὶτὰς
764 1337 937 1419 συνθηκας
958 1337 1016 1414 τάς
1039 1335 1092 1402 ἐπὶ
1115 1320 1196 1433 τῇῇ,

21 1485 22 1488 =
137 1442 274 1530 καθόδφ
295 1439 477 1525 γενομένας
496 1439 698 1506 ἀνεκαλεῖτο·
723 1439 760 1506 ἐν
779 1433 832 1518 αἷς
849 1436 892 1526 ην
910 1440 1075 1526 ἀμνηστία
1093 1439 1155 1526 μὲν

137 1557 270 1633 πρῶτον
297 1546 469 1631 ἁπάντων,
497 1542 596 1612 ἔπειτ’
628 1544 762 1623 ἐξουσία
789 1558 858 1624 τοῖς
884 1543 1024 1631 πένησιν
1053 1547 1155 1634 ἀρχδς

137 1651 390 1738 ἀποδεικνύναι,
420 1655 586 1739 τιμωροὺς
613 1648 674 1736 μὲν
703 1651 862 1737 ἐσομένας
890 1656 1006 1739 σφίσιν
1032 1654 1154 1739 αὐτοῖς,

21 1791 22 1814 ι
135 1771 205 1838 τοῖς
228 1755 265 1824 δὲ
283 1760 473 1846 κατισχύειν
492 1757 711 1843 βουλομένοις
729 1759 938 1838 ἀντιπάλους.
971 1760 1190 1839 διεξελθὼν4

21 1891 22 1936 ι
136 1865 174 1932 δὲ
201 1875 303 1932 ταῦτα
325 1865 551 1950 τοὺςνόμους
573 1863 801 1952 ἐπεδείκνυτο,
830 1868 889 1945 οὓς
912 1867 930 1934 ὁ
955 1868 1058 1951 δῆμος
1082 1866 1154 1933 ε’πε-
1168 1887 1194 1929 ιε

135 1974 287 2060 κύρωσεν
311 1972 351 2038 ού
374 1972 439 2057 πρὸ
457 1974 597 2056 πολλοῦ,
618 1974 678 2037 τόν
696 1995 731 2038 τε
750 1971 827 2059 περὶ
844 1983 911 2038 τῶν
930 1973 1154 2059 δικαστηρίων

21 2141 22 2144 ,
135 2086 191 2162 τῆς
223 2083 430 2162 μεταγωγῆς,
463 2075 507 2152 ὡς
538 2077 662 2142 ἔδωκεν
693 2076 715 2160 η
748 2076 854 2162 βουλὴ
886 2086 932 2165 τῷ
966 2079 1060 2167 δημφ
1092 2080 1153 2164 τὴν

136 2183 290 2263 ἐξουσίαν
313 2186 441 2269 κρίνειν
465 2181 525 2259 οὓς
546 2181 589 2248 ἀν
612 2183 726 2260 αὐτοῖς
749 2184 855 2263 δόξειε
874 2193 942 2250 τῶν
959 2189 1153 2272 πατρικίων,

134 2290 189 2357 καὶ
216 2292 275 2357 τὸν
301 2286 385 2375 ὑπὲρ
412 2296 471 2372 τῆς
497 2293 728 2376 ψηφοφορίας,
756 2288 793 2368 δς
820 2289 882 2355 οὐκ
906 2292 954 2355 ἐτι
976 2293 1038 2376 τὴν
1061 2297 1152 2379 λοχί-

134 2421 187 2464 τιν
212 2396 399 2481 ἐκκλησίαν,
422 2394 506 2461 ἀλλδι
529 2396 591 2480 τὴν
613 2405 787 2482 κουριᾶτιν
811 2395 914 2462 ἐποίει
937 2408 1005 2464 τῶν
1027 2402 1150 2485 ψήφων
1166 2422 1191 2462 ιο

134 2507 263 2590 κυρίαν.

70 2625 131 2677 1871
200 2608 396 2675 XXXXVlI.
442 2607 636 2686 Διεξελθὼν
671 2605 709 2674 δὲ
740 2611 800 2674 τὸν
833 2605 916 2696 ὑπὲρ
949 2619 1010 2676 τοῦ
1043 2611 1152 2695 δήμου

133 2718 252 2801 λόγον,
281 2715 478 2802 ἐπιστρέψας
504 2712 556 2780 ε’πὶ
584 2717 643 2780 τὸν
658 2712 815 2781 ’Ἀππιον
855 2713 987 2783 ’Ἔπειτα
1013 2719 1055 2782 σὺ
1079 2721 1152 2783 τολ-

133 2831 212 2911 μᾷς,
239 2817 324 2908 είπε,
351 2823 581 2906 λοιδορεῖσθαι
607 2823 753 2908 τούτοις,
781 2819 825 2889 δι’
854 2823 912 2900 οὓς
940 2823 1065 2909 μεγάλη
1089 2819 1151 2908 μὲν

204 3056 220 3105 2
240 3049 453 3123 άπ<ή>λαυσαν
471 3050 517 3104 Bb
573 3057 588 3105 9
609 3045 842 3124 ἐκλ<ει>φθέντα
860 3051 883 3104 Β
905 3053 909 3121 Ι
930 3052 1084 3124 ἀναλαβεῖν
1102 3050 1129 3105 Α
1145 3051 1149 3124 λ

134 3119 244 3176 ἔδωκαν
259 3137 313 3177 om.
324 3120 584 3192 OpraeterAOmg
598 3123 628 3176 et
642 3121 831 3176 omittendum
846 3138 907 3177 esse
921 3138 944 3178 ο.
956 3121 1064 3190 Kayser
1077 3121 1150 3178 Ann.

131 3191 202 3262 phil.
219 3196 288 3248 1868
304 3210 332 3274 ρ.
348 3198 400 3248 806
419 3195 516 3247 censet
570 3197 604 3248 10
625 3192 777 3263 ,ὅρκουςΒ
833 3200 866 3248 12
885 3192 999 3248 πάντων
1015 3192 1038 3248 0
1058 3190 1151 3249 ἁπάν-

131 3283 186 3318 των
209 3262 355 3334 Kiesshng
446 3269 478 3319 17
502 3263 551 3336 ὡς]
571 3257 593 3337 ᾧ
616 3281 654 3321 so.
673 3263 749 3338 νόμφ
773 3265 873 3320 Portus
965 3269 998 3319 19
1022 3263 1079 3335 εἶχε
1097 3264 1150 3320 ΑΒ

132 3332 217 3390 §aa
242 3334 388 3406 Ιλογῖτιν]
408 3333 561 3405 κουριάτην
580 3353 603 3389 ο.
622 3335 726 3390 Roiske
799 3342 833 3391 20
858 3331 1008 3406 ἐκκλησίαν
1026 3336 1052 3391 Α
1070 3331 1150 3403 ἐξου-

129 3405 242 3532 ρὶίανὶΒ
268 3408 273 3476 Ι
297 3422 349 3476 pro
373 3414 519 3478 κουριᾶτιν
542 3406 638 3488 potius
662 3406 842 3462 scribendum
866 3423 925 3463 εεεο
949 3407 1101 3478 φυλετικὴν
1125 3425 1148 3463 ο.

156 3494 197 3533 ειε
219 3493 234 3533 ε

931 3568 987 3621 23*
