2674 3978
180 241 224 306 58
607 241 768 290 -Ζ-

180 406 275 494 δήμφ
296 400 373 491 περὶ
396 404 538 487 μηδενὸς
558 403 735 488 χρήματος·
758 401 898 485 μάλιστα
918 399 947 466 δ’
966 401 1046 467 ὅταν
1066 401 1200 486 δρῶμεν

179 510 265 596 ὑμᾶς
291 510 356 577 ἀπὸ
383 519 451 576 τῶν
477 512 598 594 βιαίων
624 506 677 574 ἐπὶ
700 509 739 573 τδ
763 509 874 573 δίκαια
897 505 952 573 καὶ
975 511 1053 586 τοὺς
1075 512 1200 592 λόγους

179 619 327 702 ἠκοντας.
360 618 479 700 ταύτης
497 615 648 702 μέντοιγε
667 624 725 699 τῆς
738 615 872 699 γνώμης
886 613 1099 692 ἐπαινοῦντες
1111 614 1200 700 ὑμᾶς

178 727 240 810 τήν
267 724 395 810 βουλήν
423 724 565 807 οἰόμεθα
588 723 660 788 δεῖν
683 721 779 806 ύρξαι
801 723 1037 808 προβούλευμα
1059 739 1199 805 ποιησα-

152 833 295 919 ομένήν,
318 832 428 916 ὥσπερ
452 827 542 895 ἐστὶν
564 827 644 914 ἠμῖν
662 829 812 913 πύτριον.
849 829 1012 894 δύναισθε
1032 826 1063 893 δ’
1081 828 1123 894 ἂν
1141 827 1199 895 καὶ

142 936 274 1005 4αύτοὶ
303 947 401 1004 τοῦτο
429 946 625 1022 μαρτυρεῖν,
655 936 722 1019 ὅτι,
751 935 784 1015 ἐξ
813 930 855 1002 οὗ
882 937 981 1020 τήνδε
1008 938 1070 1021 τήν
1097 940 1198 1004 πόλιν

179 1049 311 1111 ἔκτισαν
338 1043 433 1129 ἠμῶν
462 1043 498 1109 οῖ
520 1046 697 1131 πρόγονοι,
724 1052 822 1109 τοῦτο
836 1045 888 1118 ,τὸ
910 1041 1009 1129 γέρας
1031 1045 1152 1128 ἔχουσα
1175 1045 1196 1129 ἠ

178 1151 285 1236 βουλή
305 1149 517 1234 διατετέλεκε,
540 1147 595 1216 καὶ
614 1146 719 1215 οὐθέν
737 1151 868 1215 πώποτε
887 1149 905 1214 ὁ
925 1150 1040 1234 δήμος,
1063 1151 1082 1216 ὅ
1100 1174 1131 1216 τι
1149 1152 1196 1235 μή

177 1257 457 1344 προβουλεύσειεν
485 1256 505 1340 ἠ
533 1259 656 1341 βουλή,
684 1254 752 1322 οὔτ’
781 1254 952 1342 ἐπέκρινεν
980 1255 1050 1322 οὔτ’
1075 1256 1197 1342 έπεψή-

138 1382 165 1422 10
178 1382 292 1450 φισεν,
320 1365 382 1452 οὐχ
409 1364 460 1430 ὅτι
487 1372 568 1445 νῦν,
595 1361 666 1429 ἀλλ’
691 1357 764 1430 οὐδ’
787 1361 840 1428 ἐπὶ
862 1374 929 1429 τῶν
952 1362 1117 1448 βασιλέοιν
1141 1365 1197 1444 [τδι

178 1469 244 1556 δ’],
271 1468 344 1537 ἀλλ’
371 1471 433 1538 ὅσα
460 1481 505 1560 τῷ
536 1471 700 1560 συνεδρίῳ
724 1469 846 1554 δόξειε,
873 1467 970 1537 ταῦθ’
994 1470 1030 1536 οῖ’
1048 1473 1198 1554 βασιλεῖς

177 1580 224 1656 είς
255 1582 315 1645 τὸν
347 1580 453 1662 δῆμον
487 1576 681 1664 ἐκφέροντες
713 1575 907 1664 ἐπεκύρουν.
952 1579 996 1662 μή
1030 1578 1071 1661 δή
1101 1576 1192 1644 τοῦτ’

176 1684 376 1772 ἀφαιρεῖσθε
398 1687 436 1750 τὸ
456 1687 587 1750 δίκαιον
606 1682 712 1769 ἠμῶν,
735 1681 819 1769 μηδὲ
837 1684 975 1769 ἀρχαῖον
993 1687 1097 1750 καλὸν
1115 1687 1198 1762 ἔθος

177 1791 361 1876 ἀφανίζετε·
395 1791 586 1871 διδάξαντες
618 1787 655 1856 δὲ
684 1793 721 1858 τὸ
752 1790 948 1876 συνέδριον,
981 1791 1030 1856 ὅτι
1062 1792 1195 1857 δικαίου

136 1915 162 1955 1⁵
177 1899 292 1964 δεῖσθε
325 1895 380 1964 καὶ
407 1898 543 1985 μετρίου
570 1898 775 1982 πράγματος,
807 1897 858 1962 ὅτι
886 1897 928 1963 δν
955 1897 1072 1988 έκείνφ
1100 1899 1273 1984 δοκῇ,1397

175 2006 297 2070 τούτου
319 2006 379 2071 τὸν
403 2006 509 2089 δήμον
533 2004 724 2082 ἀποδείξατε
747 2005 874 2087 κύριον.

242 2111 444 2178 XXXVIIIL
486 2115 595 2177 Ταῦτα
624 2122 691 2176 τῶν
720 2110 856 2176 ὑπάτων
886 2113 1053 2194 λεγόντων
1083 2111 1101 2177 ὁ
1131 2108 1195 2196 μὲν

175 2221 347 2296 Σικίννιος
379 2218 440 2284 οὐκ
471 2218 620 2305 ἠνείχετο
651 2228 718 2284 τῶν
750 2220 861 2300 λόγων
894 2214 974 2283 οὐδὲ
1005 2217 1100 2301 ἠξίου
1131 2219 1194 2302 τήν

175 2326 303 2408 βουλήν
326 2325 464 2402 οὐδενὸς
486 2337 596 2392 ποιεῖν
618 2328 751 2412 κυρίαν·
775 2325 811 2390 οῖ
831 2321 868 2389 δὲ
891 2326 952 2409 τήν
975 2325 1079 2410 αύτήν
1099 2327 1194 2410 ἔχον-

135 2449 162 2488 εο
175 2453 228 2506 τες
258 2427 411 2507 ἐξουσίαν
444 2430 559 2521 έκείνφ
586 2435 713 2497 Δεκίου
741 2432 856 2516 γνώμῃ
883 2431 1086 2519 χρησάμενοι
1114 2448 1195 2497 συν-

175 2538 324 2623 εχύρουν
351 2535 509 2620 γενέσθαι
536 2541 574 2604 τὸ
601 2539 851 2624 προβούλευμα,
880 2539 1012 2609 δικαίαν
1039 2539 1114 2603 τινὰ
1136 2536 1194 2604 καὶ

153 2663 155 2668 ’
175 2640 270 2709 αὐτοὶ
292 2644 510 2729 ποιησάμενοι
532 2648 729 2731 πρόκλησιν,
751 2645 793 2729 ἠν
817 2643 878 2730 οὐχ
902 2635 976 2711 οἷόν
994 2638 1022 2710 τ’
1042 2639 1128 2729 <ἠν>
1147 2646 1192 2731 μή

139 2749 335 2829 2δέξασθαι
366 2761 435 2828 τοῖς
464 2750 612 2828 ὑπάτοις.
657 2749 773 2836 ἠξίουν
806 2752 869 2838 γὰρ
901 2753 980 2827 τοὺς
1010 2753 1195 2835 βουλευτὰς

174 2860 277 2941 λόγον
300 2857 485 2936 ἀποδόντας
509 2857 621 2935 αὐτοῖς
643 2881 678 2923 τε
695 2868 764 2935 τοῖς
781 2855 865 2943 ὑπὲρ
884 2866 945 2924 τοῦ
964 2859 1072 2942 δήμου
1089 2858 1193 2944 πρύτ-

244 3021 261 3068 4
285 3015 517 3088 προβουλεύματα
537 3014 559 3069 Ο
582 3014 779 3089 προβούλευμα
802 3013 945 3085 Kiessling
1018 3021 1033 3070 ὅ
1057 3015 1124 3084 ὑμῖν
1143 3015 1166 3068 Β
1185 3015 1189 3087 ἠ

174 3085 301 3140 δύνασθε
321 3085 344 3141 0
369 3104 437 3141 corr.
458 3085 603 3156 Kiessling
675 3093 690 3140 9
714 3081 853 3155 έφήφιζεν
871 3085 924 3140 ΑΒ
999 3093 1031 3140 10
1054 3084 1191 3157 βασιλέων

173 3155 208 3209 τδι
231 3153 259 3210 δ’
280 3156 350 3210 ἄλλα
374 3155 426 3211 ὅσα
449 3156 472 3211 Ο
495 3157 530 3211 τὰ
554 3155 582 3211 δ’
606 3157 659 3213 (1ο1.
680 3157 803 3212 Sinteniu
822 3156 882 3212 Em.
902 3157 983 3213 Dion.
1002 3156 1029 3211 II
1048 3162 1082 3211 33
1157 3163 1191 3212 13

173 3226 293 3295 ἀρχαῖον
315 3226 365 3282 καὶ
386 3229 473 3283 καλὸν
497 3228 683 3300 0.Kie1sh'ng
709 3228 796 3283 καλὸν
820 3228 873 3284 del.
897 3228 1006 3298 Kayser
1029 3232 1100 3285 Ann.
1120 3228 1190 3296 phil.

174 3303 243 3352 1868
257 3315 284 3367 p.
300 3303 352 3352 814
407 3304 440 3353 15
459 3297 532 3355 *δο
552 3297 595 3355 ὅτι
608 3317 661 3371 ego
676 3297 704 3354 ὃ.
719 3316 777 3354 una
791 3299 848 3354 litt.
860 3299 976 3354 erasaB
992 3304 997 3368 1
1013 3295 1190 3373 ίκειν<ω>Β

174 3375 208 3423 16
221 3369 323 3424 τούτου
337 3385 353 3424 ο
366 3378 466 3425 τοῦτον
480 3371 503 3424 Β
555 3377 588 3427 18
603 3369 763 3442 ἀνελχετοΑ
780 3370 888 3443 <ἠ>νεί
903 3391 948 3426 ετο
961 3371 984 3425 Β
1035 3378 1070 3425 20
1084 3373 1190 3426 Δεκίου

173 3439 305 3494 Gelenius
328 3438 449 3496 Λευκίου
473 3441 496 3497 0
555 3448 588 3496 22
612 3437 648 3531 ἠν
671 3442 735 3499 add.
754 3442 862 3513 Kayser
879 3392 900 3499 έ
917 3442 935 3498 l.
960 3463 989 3498 τε
1009 3459 1073 3496 eum
1091 3459 1146 3496 ras.
1165 3443 1189 3498 B

172 3517 207 3566 24
226 3510 417 3575 ἀποδιδόντας
434 3512 460 3566 Α
480 3518 483 3583 Ι
503 3519 562 3576 τοῖς
579 3515 618 3568 ὑπ
646 3515 742 3577 αὐτοῖς
759 3514 807 3568 Ba
824 3515 889 3576 τοὺς
906 3511 956 3568 ὑπ’
974 3515 1068 3576 αύτοῖς
1088 3514 1134 3567 Bb
