2586 3972
517 252 684 300 -Η-
1045 251 1109 314 211

98 418 151 494 τῆς
178 417 352 477 ποιεῖσθαι
381 413 494 494 λόγον.
544 410 695 496 ἐπάνειμι
725 409 772 496 δ’,
801 412 885 478 ὅθεν
913 414 961 490 είς
990 424 1111 480 τοῦτον

98 513 209 601 ἐξέβην
231 519 291 584 τὸν
314 520 427 602 λόγον.

15 689 16 720 3
156 622 262 689 LVII.
303 625 400 690 Μετά
428 625 490 709 τήν
514 622 550 690 ἐκ
576 633 637 690 τοῦ
660 624 804 711 χάρακος
826 623 1020 708 ἀπαλλαγήν
1044 637 1110 692 τῶν

98 740 263 811 γυναικών
287 730 305 797 δ
328 730 483 817 Μάρκιος
505 729 582 817 περὶ
604 733 664 797 τὸν
687 733 817 818 ὄρθρον
839 730 1027 816 ἀναστήσας
1049 732 1111 815 τήν

98 835 395 922 στρατιάνάπήγεν
415 837 460 914 ώς
477 838 534 902 διά
552 840 676 923 φιλίας,
699 836 755 903 καί
774 836 888 923 ἐπειδή
907 835 945 902 ἐν
962 845 1003 922 τῇ
1024 837 1110 903 Ούο-
1137 859 1151 900 ι

15 983 17 1036 χ
98 945 246 1009 λούσκων
269 941 411 1028 ἐγένετο,
434 944 554 1028 πάντα,
581 943 645 1009 ὅσα
667 943 704 1010 ἐκ
726 955 794 1010 τών
817 945 978 1031 λαφύρων
1001 946 1110 1029 ἐλαβε,

15 1057 17 1128 ή
99 1049 328 1137 δωρησάμενος
354 1061 424 1127 τοῖς
447 1051 676 1136 στρατιώταις,
707 1049 812 1140 ἐαυτῷ
837 1048 867 1115 δ’
894 1048 967 1116 οὐδ’
995 1051 1110 1119 ὁτιοῦν

15 1131 17 1196 ⁵
45 1155 339 1242 ιιιοὺπολιπόμενος
377 1156 541 1223 ἀπέλυσεν
574 1156 628 1224 ἐπὶ
659 1159 699 1222 τὰ
732 1159 846 1223 οἰκεία.
900 1157 920 1241 ή
953 1153 1016 1241 μέν
1047 1138 1147 1223 οὖν*

98 1265 326 1348 κοινωνήσασα
352 1274 420 1330 τών
448 1263 589 1347 ἀγώνων
617 1263 707 1352 αὐτῷ
736 1265 872 1351 στρατιὰ
894 1264 1028 1353 πλούτφ
1051 1267 1110 1348 βα-

99 1366 156 1452 ρεί
182 1369 366 1455 ἀφικομένη
396 1373 458 1455 τήν
481 1367 508 1435 τ’
537 1370 734 1436 ἀνάπαυλαν
757 1370 821 1436 οὐκ
844 1369 954 1453 ἀηδῶς
977 1365 1110 1446 ἐδέξατο
1125 1391 1152 1431 ιο

99 1485 155 1541 τοῦ
175 1475 324 1562 πολέμου
346 1475 402 1543 καί
426 1473 471 1542 δι’
498 1476 631 1554 εὐνοίας
654 1471 719 1564 εἶχε
738 1479 798 1544 τὸν
818 1477 938 1562 ἀνδρα,
961 1477 1111 1558 συγγνώ-

100 1605 158 1666 μης
179 1580 205 1647 τ’
233 1581 328 1661 ἀξιον
350 1583 478 1668 ἡγεῖτο,
505 1585 538 1648 εί
559 1584 604 1668 μή
627 1580 720 1660 τέλος
742 1579 885 1666 ἐπέθηκε
907 1590 952 1670 τῷ
976 1578 1110 1670 πολέμφ

100 1691 216 1773 μητρὸς
238 1694 370 1767 οἴκτους
391 1687 448 1754 καί
471 1690 563 1767 λιτάς
584 1688 762 1772 ἐντραπείς.
809 1688 829 1772 ή
849 1685 880 1753 δ’
902 1686 939 1753 ἐν
957 1698 1028 1764 ταῖς
1050 1689 1146 1757 πό-2

100 1799 187 1861 λεσιν
208 1797 415 1880 ὑπομείνασα
438 1798 554 1880 νεότης
573 1802 752 1881 φθονοῦσα
771 1791 833 1880 μέν
851 1806 921 1872 τοῖς
939 1793 993 1861 ἐπὶ
1012 1810 1110 1878 στρα-

100 1901 236 1969 τοπέδου
259 1899 452 1988 γενομένοις
478 1913 545 1967 τῶν
568 1905 701 1968 πολλῶν
725 1900 908 1986 ὠφελειῶν,
932 1901 1110 1984 διημαρτη-
1125 1924 1150 1966 15

100 2019 173 2075 κοῖα
208 2008 237 2076 δ
276 2003 324 2073 ών
354 2009 511 2093 ήλπισεν,
547 2012 579 2075 εί
613 2011 834 2095 καθαιρεθείη
871 2008 909 2073 τὸ
942 2004 1112 2090 Ῥωμαίων

101 2117 250 2202 φρόνημα
279 2125 338 2201 τῆς
366 2118 494 2192 πόλεως
524 2114 683 2200 ἀλούσης,
714 2114 911 2202 ἐτραχύνετο
940 2115 1023 2198 πρὸς
1051 2115 1112 2178 τὸν

16 2201 18 2242 ³
101 2220 239 2306 ἡγεμόνα
262 2219 318 2287 καὶ
340 2222 442 2307 πικρά
466 2223 597 2309 σφόδρα
619 2216 676 2306 ήν·
699 2219 754 2286 καὶ
777 2225 972 2294 τελευτῶσα,
996 2217 1111 2302 ἐπειδή

16 2403 18 2430 μ
103 2335 157 2392 τοῦ
178 2331 297 2413 μίσους
320 2326 484 2413 ἡγεμόνας
507 2330 603 2412 ἔλαβε
621 2331 701 2405 τοὺς
718 2331 875 2393 πλεῖστον
893 2324 931 2391 ἐν
949 2334 995 2415 τῷ
1016 2329 1111 2392 ἔθνει

105 2433 315 2520 δυναμένους,
338 2433 523 2522 ἐξηγριώθη
547 2432 660 2500 τεκαὶ
684 2436 783 2520 ἔργον
803 2435 943 2519 ἐδρασεν
961 2433 1109 2499 ἀνόσιον.
1125 2455 1152 2495 ιο

104 2533 141 2621 ήυ
165 2538 202 2606 δὲ
230 2541 357 2618 Τύλλος
374 2538 504 2619 ’Ἀττιος
531 2542 550 2607 ὁ
576 2542 634 2616 τὰς
657 2539 758 2624 ὀργάς
781 2539 892 2604 αύτών
914 2533 1147 2626 παραθήξαξθ

17 2677 18 2682 ¹
105 2646 181 2730 ἔχων
198 2645 275 2733 περὶ
294 2647 397 2713 αὐτὸν
416 2645 564 2735 ἑταιρίαν
578 2645 611 2726 ἐξ
627 2646 754 2731 ἀπάσης
766 2648 894 2723 πόλεως
907 2646 969 2712 οὐκ
983 2646 1110 2730 ὀλίγην.

17 2737 18 2770 ³
92 2754 200 2844 τούτῳ
224 2751 254 2820 δ’
277 2756 342 2840 ἀρα
365 2753 519 2820 ἐδέδοκτο
542 2757 740 2840 παλαίτερον
764 2756 812 2819 ἔτι
835 2756 894 2819 τὸν
917 2755 1051 2839 φθόνον
1070 2751 1111 2817 ού

46 2858 272 2949 Ῑιιιδυναμένφ
295 2858 461 2944 κατέχειν,
489 2862 520 2925 εί
546 2856 607 2945 μὲν
630 2853 668 2932 εὖ
691 2859 816 2947 πράξας
838 2860 858 2926 δ
879 2859 1034 2946 Μάρκιος
1056 2855 1113 2923 καὶ

103 2965 157 3049 τήν
175 2963 344 3052 Ῥωμαίων
371 2969 470 3033 πόλιν
499 2968 698 3054 διαφθείρας
726 2969 772 3044 είς
796 2965 1032 3041 Οὐολούσκους
1061 2966 1112 3028 ἒλ-
1127 2983 1153 3025 ει

168 3164 184 3211 3
203 3159 272 3229 μιτδι
290 3161 388 3214 τοίνυν
406 3159 458 3229 τήν
477 3177 500 3217 ο.
515 3158 620 3214 Reiske
697 3167 713 3215 8
732 3157 952 3228 ὑπολειπόμενος
971 3157 994 3212 Ο
1014 3158 1112 3212 ὑπολι-

18 3265 19 3274 ι
105 3225 217 3298 τέμενος
231 3248 253 3286 ο.
270 3230 391 3301 Sylburg
463 3230 623 3304 9*βαρεῖ.
642 3230 665 3284 Β
685 3232 770 3303 βαρεῖ
783 3230 809 3284 R
827 3247 880 3299 ego
900 3226 992 3302 βαρεῖ
1079 3234 1111 3282 17

107 3291 278 3372 ἐιειράχυντο
297 3319 320 3358 ο,
339 3301 429 3357 Cobet
441 3302 514 3358 Nov.
532 3301 608 3356 Lect.
622 3320 649 3371 p.
664 3307 717 3356 582
736 3296 871 3373 ἐτράχυνε
889 3301 958 3356 τὸΒ
1010 3306 1042 3354 19
1062 3299 1113 3369 μύ-

109 3385 166 3433 σους
183 3389 206 3428 ο.
223 3372 326 3428 Reiske
381 3378 413 3427 21
429 3369 549 3437 ’Ἄττιδος
566 3373 589 3427 Β
610 3377 615 3442 1
635 3372 741 3444 αὐτῶν]
760 3373 835 3444 αύτῷ
853 3371 878 3425 Α
897 3373 992 3434 αὐτοῖς
1011 3370 1112 3426 Suidas

110 3454 164 3499 Μ.
181 3442 359 3516 παραθήγων
430 3449 465 3498 25
483 3442 607 3517 <είς>Β
633 3447 637 3514 Ι
662 3445 838 3514 διαφθείρας
857 3441 897 3506 είς
917 3443 1113 3504 Οὐολούσκους

108 3509 238 3580 ὑποτάξας
257 3515 280 3570 0
299 3517 412 3585 praeter
429 3514 453 3567 B

895 3605 947 3658 14*
