2656 3974
546 209 642 262 -Θ
680 238 713 248 -
1072 209 1136 275 339

56 383 215 452 1843μενοι
238 378 298 434 τοῦ
321 369 476 453 πολέμου.
512 381 572 436 τοῦ
596 365 633 434 δὲ
654 373 814 436 Μαλλίου
837 372 1054 449 κελεύσαντος
1077 374 1136 438 αύ-

118 486 187 553 voce
210 474 372 562 άργύριόν
394 469 422 542 τ’
450 479 497 554 είς
520 477 735 560 ὀψωνιασμὸν
758 476 913 544 ἐνιαυτοῦ
936 486 975 563 τῇ
999 489 1135 566 στρατιᾷ

117 580 173 647 καὶ
201 583 345 667 διμήνου
372 585 496 670 τροφάς
523 580 721 670 ἀποφέρειν,
749 583 829 648 όταν
854 580 891 649 δὲ
914 594 1017 650 ταῦτα
1039 589 1135 670 ποιη-

118 702 224 754 σωσιν
250 689 298 765 είς
320 685 447 774 Ῥώμην
475 687 689 755 ἀποστέλλειν
716 692 794 767 τοὺς
817 690 1072 776 διαλεξομένους
1094 701 1133 778 τῇ

117 797 224 880 βουλῇ
254 793 330 879 περὶ
359 805 427 861 τῶν
457 796 659 880 διαλύσεων,
690 793 922 874 ἐπαινέσαντες
949 805 1052 863 ταῦτα
1078 796 1134 864 καὶ
1160 819 1174 861 ε

118 900 174 965 διά
197 898 323 985 ταχέων
345 903 384 967 τό
405 899 434 967 τ’
457 902 606 980 ὀψώνιον
629 909 668 988 τῇ
692 911 830 990 στρατιᾷ
849 900 905 968 καὶ
924 905 961 969 τὸ
980 902 1055 970 ἀντὶ
1073 915 1134 972 τοῦ

118 1010 213 1073 σίτου
248 1004 468 1093 συγχωρηθὲν
499 1008 565 1073 ύπὸ
598 1017 658 1074 τοῦ
690 1011 849 1076 Μαλλίου
880 1009 1135 1095 κατενέγκαντες

118 1112 281 1200 άργύριον
311 1108 393 1198 ἧκον
421 1116 468 1192 εἰς
494 1114 556 1197 τὴν
579 1113 719 1199 Ῥώμην·
753 1112 809 1179 καὶ
835 1118 1053 1195 καταστάντες
1081 1117 1134 1184 ἐπὶ

116 1220 178 1303 τὴν
196 1221 325 1305 βουλὴν
344 1221 542 1305 συγγνώμης
558 1218 612 1285 ἐπὶ
626 1231 695 1297 τοῖς
709 1223 865 1303 γεγονόσι
878 1233 991 1307 τυχεῖν
1005 1223 1133 1309 ἠξίουν,

115 1323 171 1391 καὶ
201 1328 250 1404 εἰς
278 1329 337 1393 τόν
366 1329 485 1393 λοιπόν
514 1329 638 1413 χρόνον
668 1325 860 1411 ἀπαλλαγῆς
887 1335 949 1394 τοῦ
975 1328 1131 1414 πολέμου.
1148 1351 1174 1390 ιο

115 1436 250 1497 πολλῶν
281 1427 317 1496 δὲ
347 1430 537 1516 λεχθέντων
567 1433 613 1508 είς
642 1430 812 1518 ἀμφότερα
841 1431 882 1496 τά
909 1431 991 1519 με’ρη
1021 1436 1167 1516 λόγων3

115 1536 269 1622 ἐνίκησεν
298 1537 318 1620 ἡ
347 1537 551 1604 σπένδεσθαι
577 1547 786 1624 παραινοῦσα
813 1539 873 1603 τὸν
900 1540 983 1625 πρὸς
1011 1540 1133 1618 αὐτοὺς

114 1647 262 1729 πόλεμον
284 1645 411 1728 γνώμη,
433 1647 589 1727 γίνονταί
607 1641 636 1709 τ’
658 1642 777 1730 ἀνοχαὶ
799 1653 859 1710 τοῦ
882 1643 1029 1730 πολέμου
1050 1651 1133 1734 πρὸς

115 1751 237 1828 αὐτοὺς
259 1762 597 1837 τεσσαρακονταετεῖς.
635 1749 690 1816 καὶ
710 1752 746 1816 οί
760 1747 822 1836 μὲν
840 1749 990 1837 ἀπῄεσαν
1008 1756 1133 1832 πολλάς

113 1865 152 1942 τῇ
180 1860 277 1923 πόλει
303 1865 360 1942 τῆς
387 1858 521 1943 εἰρήνης
548 1857 683 1944 χάριτας
705 1858 845 1941 εἰδότες,
876 1855 955 1924 ὁδό
978 1858 1131 1937 Μάλλιος
1146 1879 1172 1921 τι

113 1962 316 2048 ἀφικόμενος
339 1963 385 2040 είς
407 1965 468 2048 την
491 1966 603 2048 πόλιν,
627 1961 679 2028 ἐπὶ
702 1972 741 2049 τῇ
760 1965 939 2030 καταλύσει
957 1973 1017 2030 τοῦ
1035 1965 1131 2032 πολί-

113 2094 179 2154 μου
198 2072 258 2137 τὸν
276 2071 374 2147 πεζὸν
391 2072 563 2157 θρίαμβον
582 2071 811 2155 αἰτησάμενος,
834 2072 962 2154 ἔλαβεν.
999 2069 1129 2154 ἐγένετο

45 2173 150 2244 1844δὲ
173 2174 230 2242 καὶ
251 2179 383 2260 τίμησις
405 2175 458 2242 ἐπὶ
480 2184 540 2260 τῆς
562 2178 689 2242 τούτων
713 2176 826 2262 ἀρχῆς,
849 2174 905 2242 καὶ
927 2172 1013 2260 ἦσαν
1033 2179 1068 2245 οί
1083 2201 1130 2243 τι-

86 2279 298 2368 Ιμησάμενοι
326 2287 459 2349 πολῖται
488 2291 575 2368 σφᾶς
603 2280 631 2348 τ’
662 2283 784 2360 αύτούς
812 2280 868 2347 καὶ
897 2285 1046 2369 χρήματα
1073 2283 1129 2350 καὶ

111 2393 190 2467 τοὺς
217 2388 255 2457 ἐν
281 2388 347 2475 ἥβη
374 2390 494 2466 παῖδας
517 2390 620 2477 ὀλίγῳ
643 2393 778 2468 πλείους
800 2391 992 2475 τρισχιλίων
1014 2412 1048 2455 τε
1072 2389 1127 2456 καὶ
1142 2413 1169 2453 εο

112 2493 192 2562 δέκα
215 2495 398 2582 μυριάδων.
540 2533 543 2537 ·

177 2601 347 2668 XXXVII.
386 2603 432 2667 Οί
459 2597 497 2668 δό
523 2603 604 2687 μετά
631 2602 770 2680 τούτους
796 2605 1045 2689 παραλαβόντες
1066 2603 1128 2686 την

108 2709 238 2774 ύπατον
261 2707 378 2794 ἀρχήν,
404 2709 543 2786 Αεύκιος
565 2711 718 2793 Λίμίλως
740 2709 922 2797 Μάμερκος
943 2710 981 2775 τὸ
1003 2712 1128 2793 τρίτον,

108 2815 164 2882 καὶ
190 2815 378 2894 Οὐοπίσκος
396 2811 549 2900 Ἰούλιος,
576 2812 630 2880 ἐπὶ
655 2823 713 2900 τῆς
740 2813 882 2902 ἑβδόμης
907 2814 964 2882 καὶ
987 2812 1128 2900 ἑβδομη-

108 2932 231 3008 κοστῆς
253 2922 468 3007 ὀλυμπιάδος,
490 2921 533 3006 ἣν
552 2920 645 2988 ἐνίκα
663 2922 799 2989 στάδιον
818 2923 955 3006 Δάνδης
969 2920 1126 3009 Ἁργεῖος,
1139 2940 1166 2984 ετ

182 3051 197 3099 1
221 3045 335 3098 Μαλίου
354 3044 400 3098 Bb
473 3048 489 3097 ’ί
512 3041 797 3125 *κατενεγκόντεςθ
820 3042 928 3097 correxi
1000 3049 1016 3097 8
1040 3043 1126 3112 άργύ-

109 3135 172 3186 ριον
195 3131 251 3169 om.
269 3115 316 3169 Ba
424 3120 455 3168 11
480 3113 567 3168 verba
589 3113 655 3169 inde
675 3131 692 3167 ε
709 3117 819 3169 πολλῶν
837 3129 927 3182 usque
945 3113 983 3168 ad
1000 3115 1124 3185 πολεμου

108 3206 134 3242 v
157 3193 189 3242 13
212 3201 285 3256 ppro
286 3188 330 3242 ter
347 3184 575 3241 homoeoteleuta
593 3202 646 3241 om.
666 3185 713 3239 Βε
731 3202 849 3253 quorum
867 3183 962 3254 priora
980 3201 1069 3276 usque
1088 3185 1125 3239 ad

107 3255 179 3328 μέρη
199 3204 289 3327 λόγων
313 3256 377 3312 add.
395 3256 497 3325 Bbmg
604 3263 639 3312 20
660 3257 817 3327 τρισχιλίων
835 3255 885 3310 καὶ
902 3251 1083 3326 τρισκαιδεκα
1101 3256 1124 3309 Β

108 3335 144 3384 24
165 3329 276 3391 τούλιος
294 3330 319 3382 Α
427 3332 461 3382 25
487 3327 566 3391 δάτις
583 3327 609 3380 A
631 3278 746 3390 δάντιος
762 3326 809 3384 Ba
832 3327 930 3390 δάντις
947 3327 993 3381 Bb
1017 3327 1125 3396 δάνδης

107 3399 224 3456 Diodor.
244 3399 346 3472 X153,
366 3405 394 3454 1
406 3401 436 3454 et
453 3399 576 3469 Rutgers
596 3399 632 3453 ad
650 3398 716 3453 Iulii
729 3398 814 3456 Afric.
834 3398 933 3469 όλνμπ.
952 3398 1124 3514 ἀναγραφην

106 3489 134 3542 p.
155 3477 189 3528 39

911 3559 963 3613 22*Ι
