2660 3976
145 248 208 313 166
566 255 731 304 -Η-

142 409 289 495 ἀγαθόν,
314 412 365 476 ὅτι
388 436 445 496 μοι
467 411 523 478 καὶ
549 417 728 500 πρότερον,
756 414 810 479 ὅτε
837 416 975 498 πολίτης
1000 410 1162 497 ὑμέτερος

142 512 185 601 ἦν
207 516 262 583 καὶ
284 519 325 582 τά
347 520 444 585 κοινὰ
467 521 643 605 ἔπραττον,
670 519 707 586 ἐν
729 525 866 598 πολλοῖς
887 518 943 586 καί
965 518 1162 602 ἀναγκαίοις

143 622 299 708 ἐγένεσθε
325 635 454 710 καιροῖς
475 627 646 712 χρήσιμοι,
675 626 731 693 καὶ
758 629 839 712 μετὰ
865 629 927 712 τήν
954 627 1068 713 φυγήν
1095 626 1162 692 οὐκ

142 729 373 817 ἀπεστράφητέ
406 755 446 815 με
482 735 725 819 καταφρονήσει
761 742 819 818 τῆς
853 736 928 800 τότε
959 734 1075 818 τύχης,
1111 733 1246 811 ‹ias-1568

114 839 218 904 εούτε
252 841 372 922 φίλους
402 832 441 904 εὖ
472 850 581 904 ποιεῖν
613 840 802 925 δυνάμενον
838 841 886 905 ἔτι
916 837 987 906 οὔτ’
1012 839 1161 927 ἐχθροὺς
1327 873 1328 878 ’

141 954 267 1026 κακῶς,
304 942 387 1008 ἀλλά
424 942 560 1029 χρηστοὶ
594 943 652 1010 καὶ
686 943 816 1030 βέβαιοι
847 946 1030 1031 διεμείνατε
1062 950 1161 1031 φίλοι
1188 973 1199 988 ·
1230 1033 1233 1038 Ι

146 1052 268 1134 μητρός
292 1072 327 1114 τε
352 1057 409 1133 τῆς
434 1048 515 1134 ἐμῆς
538 1052 718 1136 κηδόμενοι
739 1049 796 1116 καὶ
824 1055 982 1135 γυναικὸς
1005 1050 1061 1118 καί
1086 1051 1161 1118 τέκ-

1321 442 1325 537 λ

143 1179 231 1239 νεον,
257 1153 312 1220 καὶ
338 1157 397 1232 τάς
423 1157 598 1242 συμφορὰς
620 1158 733 1235 αὐτοῖς
755 1157 962 1244 κουφοτέρας
982 1169 1161 1237 ποιοῦντες

106 1272 212 1340 2ταῖς
253 1263 355 1340 ίδίαις
395 1261 603 1348 ἐπιμελείαις.
655 1275 725 1342 τοῖς
766 1261 799 1330 δ’
840 1266 953 1342 ἀλλοις
986 1263 1161 1351 Ῥωμαίοις

102 1399 128 1439 ιο
142 1366 332 1455 ἀπέχθομαί
354 1365 384 1433 τ’
417 1370 461 1446 ῶς
488 1370 634 1456 δύναμαι
661 1373 802 1454 μάλιστα
829 1369 899 1453 [καὶ
924 1375 1072 1458 πολεμῶ]
1100 1371 1159 1438 καὶ

143 1473 301 1542 οὐδέποτε
324 1485 431 1559 μισῶν
453 1476 575 1554 αὐτοὺς
597 1478 778 1561 παύσομαι·
806 1478 842 1543 οί
862 1501 902 1561 με
925 1477 1000 1544 ἀντί
1021 1483 1159 1546 πολλῶν

142 1579 198 1646 καὶ
215 1587 326 1647 καλῶν
344 1583 464 1666 ἔργον,
483 1579 536 1667 ἐφ’
551 1579 601 1660 οίς
619 1589 780 1667 τιμᾶσθαι
792 1592 970 1670 προσῆκεν,
988 1584 1033 1662 ὡς
1045 1586 1087 1651 τά
1100 1583 1160 1670 μέ-

142 1703 239 1773 γιστα
267 1685 509 1773 ἐξημαρτηκότα
531 1687 606 1774 περὶ
629 1691 666 1755 τὸ
689 1691 805 1755 κοινὸν
829 1691 971 1776 αίσχρῶς
993 1688 1159 1773 ἐξήλασαν

143 1792 180 1858 ἐκ
205 1802 264 1877 της
290 1795 463 1879 πατρίδος,
492 1796 569 1861 οὔτε
596 1793 720 1880 μητέρα
747 1794 960 1874 αἰδεσθέντες
986 1796 1048 1879 τήν
1075 1796 1161 1882 ἐμὴν

104 1929 129 1970 15
143 1899 220 1966 οὔτε
241 1901 358 1966 παιδία
382 1899 574 1985 ἐλεήσαντες
596 1898 665 1967 οὔτ’
688 1903 770 1967 ἀλλο
787 1903 897 1978 πάθος
913 1903 1040 1989 ἥμερον
1057 1899 1161 1970 οὐδὲν

108 2004 198 2084 3ἐπὶ
226 2018 298 2084 ταῖς
321 2007 413 2093 ἐμαῖς
439 2009 596 2092 λαβόντες
621 2008 743 2093 τύχαις.
789 2011 955 2092 μαθόντες
982 2005 1021 2075 δέ
1046 2019 1160 2093 τοῦτο,

143 2114 176 2178 εί
205 2109 267 2198 μὲν
298 2112 394 2180 αὐτοὶ
426 2112 545 2180 δεῖσθέ
574 2136 634 2180 του
665 2111 743 2199 παρ’
768 2113 879 2199 ήμῶν,
911 2113 1021 2198 λέγετε
1048 2113 1161 2201 μηθὲν

144 2220 332 2304 ὀκνοῦντες,
352 2221 398 2298 ῶς
415 2220 559 2298 οὐθενὸς
577 2220 796 2307 ἀτυχήσοντες
812 2233 881 2286 τῶν
899 2223 1065 2307 δυνατῶν,
1082 2222 1160 2308 περὶ

144 2322 183 2392 δέ
209 2330 323 2410 φιλίας
349 2324 404 2391 καὶ
432 2329 636 2411 διαλλαγῶν,
663 2326 702 2404 δς
729 2325 862 2405 ἀξιοῦτέ
886 2350 926 2411 με
954 2330 1160 2412 ποιήσασθαι

104 2468 131 2508 20
144 2433 228 2518 πρὸς
245 2433 304 2497 τὸν
323 2435 431 2518 δήμου
449 2432 503 2499 ἐπὶ
521 2445 591 2511 ταῖς
609 2433 717 2500 ἐλπίσι
733 2443 791 2517 τῆς
803 2435 967 2518 καθόδου,
984 2436 1158 2501 παύσασθε

144 2541 383 2624 διαλεγόμενοι.
432 2540 521 2605 πάνυ
553 2541 616 2625 γὰρ
648 2539 822 2624 ἀγαπητῶς
854 2538 1011 2625 δεξαίμην
1040 2539 1083 2606 ἀν
1112 2543 1238 2620 είςεεεε

143 2647 301 2730 τοιαύτην
329 2651 505 2712 κατελθεῖν
533 2648 648 2730 πόλιν,
680 2645 717 2712 ἐν
746 2639 767 2732 ᾖ
796 2647 837 2711 τδ
867 2642 928 2730 μὲν
956 2656 1015 2731 τῆς
1044 2646 1162 2732 ἀρετῆς

144 2746 234 2818 ἆθλα
252 2751 272 2835 ἡ
292 2755 389 2817 κακία
407 2749 554 2838 φέρεται,
571 2754 629 2830 τδις
646 2748 684 2816 δέ
701 2763 770 2817 τῶν
787 2753 983 2837 κακούργων
1000 2758 1162 2840 τιμωρίας

108 2859 181 2940 4οί
200 2854 305 2944 μηδὲν
328 2857 550 2945 ἡμαρτηκότες
571 2856 806 2942 ὑπομένουσιν.
850 2855 935 2941 ἐπεί,
957 2856 1055 2944 φέρε,
1076 2863 1162 2946 πρὸς

105 2999 131 3040 25
144 2972 236 3032 θεῶν
262 2962 377 3030 είπατέ
402 2988 476 3049 μοι,
502 2968 593 3041 τίνος
619 2963 820 3049 ἀδικήματος
841 2965 931 3050 αίτίᾳ
952 2965 1073 3048 ταύτης
1095 2964 1161 3049 ἐγὼ

144 3076 343 3158 πεπείραμαι
364 3080 423 3156 τῆς
445 3071 555 3156 τύχης,
578 3070 598 3154 ή
621 3080 719 3140 ποῖον
743 3069 958 3154 ἐπιτηδεύσας
980 3072 1080 3156 ἔργον
1103 3070 1164 3137 ἀν-

145 3179 239 3258 ἀξιον
261 3191 329 3245 τῶν
353 3177 497 3264 ἐμαυτοῦ
518 3179 710 3261 προγόνους
736 3177 871 3262 πρώτην
894 3174 1163 3263 ἐστρατευσάμην

218 3377 234 3424 2
253 3374 365 3435 πολλοῖς
382 3370 432 3425 καὶ
449 3370 573 3439 ἀγαθοῖς
591 3365 724 3438 ἐγένεσθε
742 3368 768 3422 Α
854 3373 888 3422 10
906 3369 957 3424 καὶ
974 3372 1085 3439 πολεμῶ
1105 3369 1162 3426 del.

146 3440 269 3496 Reudler
287 3441 377 3498 Tiroc.
397 3440 458 3495 crit.
477 3458 504 3510 p.
520 3444 554 3494 εδ
577 3438 626 3494 καὶ
644 3436 755 3512 πολέμῳ
774 3438 849 3494 Prou
940 3450 972 3496 11
993 3441 1026 3494 οῖ
1034 3438 1119 3564 μὲν)
1138 3443 1162 3496 Β

148 3519 181 3568 14
196 3510 424 3586 <αί>δεσθέντες
441 3511 464 3565 Β
480 3520 484 3582 1
500 3510 552 3579 τήν
570 3509 677 3565 add.B
754 3516 784 3564 1ss
803 3508 835 3564 δέ
855 3509 878 3564 Ο
898 3509 933 3578 δή
952 3509 1098 3582 Kiess'g
