2656 3974
603 223 770 275 -Θ-
1129 223 1195 288 389

179 379 237 455 τὰς
254 379 370 465 πύλας,
394 382 461 465 ἅμα
480 391 548 459 τοῖς
566 381 796 468 ἀκμαιοτάτοις
815 382 1026 471 ἐκτρέχουσιν
1045 383 1098 452 έπὶ
1116 389 1196 465 τοὺς

178 488 367 572 πολεμίους,
390 482 460 553 κατ’
483 489 582 574 ἀμφω
606 512 641 554 τε
663 490 703 555 τὰ
726 487 809 577 μέρη
833 500 889 576 τῆς
907 496 1096 577 προσβολῆς
1114 509 1195 579 συρ-

180 590 335 678 ράξαντες
371 593 484 672 αὐτοῖς
520 591 745 682 ἀποτρέπουσι
775 599 854 674 τοῦς
886 596 1117 682 ἐπιβαίνοντας
1148 607 1194 686 τῷ

178 697 306 784 χάρακι.
343 708 466 786 τροπῆς
489 697 526 766 δὲ
549 698 729 787 γενομένης
748 703 767 770 δ
786 699 848 789 μὲν
865 703 988 782 ὕπατος
1007 701 1056 770 ἐπ’
1079 704 1232 788 ὀλίγονῦ

179 803 298 883 διώξας
320 808 399 883 τοῦς
421 805 498 872 καθ’
525 805 644 874 ἑαυτὸν
669 807 912 894 [τεταγμένους]
938 809 1151 899 ἀνέστρεψεν·
1176 811 1194 878 δ
1222 829 1235 870 ⁵

179 907 209 976 δ’
241 911 386 998 ἀδελφὸς
417 913 520 980 αὐτοῦ
549 911 605 980 καὶ
634 917 837 1002 πρεσβευτής
866 919 1017 995 Πόπλιος
1048 917 1195 1005 Φούριος

108 1017 243 1085 τεεεῦπὸ
277 1019 420 1102 λήματός
450 1041 485 1084 τε
515 1017 570 1085 καλ
599 1024 790 1116 προθημίας
818 1026 1002 1110 φερόμενος
1031 1025 1109 1110 ἀχρι
1138 1032 1195 1108 τῆς

177 1126 389 1209 παρεμβολῆς
416 1133 483 1189 τών
505 1129 672 1210 πολεμίων
694 1128 796 1210 ήλασε
820 1129 952 1194 διώκων
975 1151 1010 1194 τε
1033 1127 1089 1194 καλ
1110 1134 1194 1195 κτεί-

178 1253 257 1294 νων.
307 1222 393 1313 ήσαν
426 1225 464 1294 δὲ
497 1231 559 1296 δύο
589 1243 721 1318 σπεῖραι
749 1229 825 1319 περὶ
855 1233 958 1299 αὐτὸν
989 1233 1030 1299 οὐ
1059 1237 1195 1311 πλείους

178 1332 314 1418 ἀνδρῶν
341 1337 476 1420 ἔχουσαι
503 1340 628 1422 χιλίων.
674 1346 774 1405 τοῦτο
797 1343 963 1424 μαθόντες
986 1339 1022 1404 οί
1041 1337 1193 1425 πολέμιοι
1208 1361 1234 1402 ιο

46 1439 52 1446 ’
177 1439 253 1526 περὶ
274 1446 560 1528 πεντακισχιλίους
582 1444 724 1528 μάλιστα
742 1448 929 1530 γενόμενοι,
951 1454 1120 1534 χωροῦσιν
1139 1443 1190 1511 ἐπ’

178 1548 281 1616 αὐτὸν
299 1547 336 1614 ἐκ
354 1559 414 1615 τοῦ
432 1549 587 1635 χάρακος·
606 1547 662 1615 καὶ
681 1545 775 1618 οὗτοι
793 1548 855 1637 μὲν
874 1550 906 1630 ἐξ
926 1550 1078 1630 έναντίας
1092 1569 1194 1640 προσ-

175 1652 295 1742 ῄεσαν,
333 1655 440 1733 ίππεϊς
475 1651 506 1721 δ’
543 1656 654 1722 αὐτῶν
689 1658 799 1748 κόκλφ
829 1658 1083 1745 περιελάσαντες
1112 1660 1194 1724 κατὰ

176 1764 285 1829 νώτου
308 1773 378 1840 τοῖς
395 1759 567 1846 Ῥωμαίοις
589 1761 791 1849 ἐφίστανται.
828 1767 933 1855 τούτῳ
956 1767 998 1849 δή
1017 1771 1063 1853 τῷ
1082 1767 1193 1854 τρόπω
1209 1770 1228 1834 6

176 1867 403 1946 κυκλωθέντες
429 1865 486 1934 ὑπ’
514 1869 623 1936 αὐτῶν
651 1869 688 1936 οί
713 1872 776 1938 σὺν
803 1877 849 1960 τῷ
873 1873 1013 1961 Ποπλίῳ
1038 1868 1094 1936 καὶ
1117 1872 1194 1957 δίχα
1208 1891 1233 1932 15

177 1984 245 2040 τών
278 1973 448 2062 σφετέρων
480 1974 746 2062 ἀποληφθέντες,
779 1976 853 2056 ἐξὸν
885 1977 998 2054 αὐτοῖς
1030 1976 1193 2056 σώζεσθαι

176 2081 364 2166 παραδοῦσι
381 2084 422 2147 τὰ
436 2082 534 2149 ὅπλα·
553 2083 805 2170 προύκαλοῦντο
819 2084 882 2170 γὰρ
898 2083 1018 2161 αῦτοὺς
1032 2086 1079 2161 εἰς
1093 2093 1192 2150 τοῦτο

178 2187 213 2252 οί
239 2184 392 2271 πολέμιοι
421 2187 476 2254 καὶ
506 2186 581 2277 περὶ
609 2194 737 2257 πολλοῦ
764 2188 939 2256 ἐποιοῦντο
967 2193 1094 2275 χιλίους
1117 2189 1193 2256 Ῥω-

176 2295 285 2378 μαίων
308 2296 385 2371 τοῦς
408 2293 563 2381 ἀρίστους
584 2287 812 2382 αἰχμαλώτους
829 2299 957 2381 λαβεῖν,
980 2296 1024 2374 ὡς
1043 2297 1099 2362 διά
1117 2298 1193 2362 τοῦ·

176 2422 245 2466 των
268 2400 436 2478 διαλύσεις
458 2402 677 2487 εὑρησόμενοι
700 2403 803 2480 καλδις
824 2412 886 2469 τοῦ
908 2399 1067 2488 πολέμου·
1095 2427 1192 2469 κατα·
1206 2423 1233 2463 ιο

176 2507 404 2592 φρονήσαντες
439 2507 549 2574 αὐτῶν
585 2505 641 2573 καὶ
676 2509 1003 2595 παρακελευσάμενοι
1036 2507 1193 2593 ἀλλήλοις

106 2609 281 2697 ιεεσμηδὲν
304 2611 441 2690 ἀνάξιον
463 2613 584 2700 πρᾶξαι
604 2623 663 2698 τῆς
680 2619 818 2700 πόλεως,
841 2618 1021 2701 μαχόμενοι
1039 2613 1096 2681 καὶ
1112 2620 1192 2680 πολ-

177 2721 256 2796 λοὺς
289 2716 541 2797 ἀποκτείναντες
571 2731 640 2787 τών
670 2725 839 2807 πολεμίων
871 2723 1012 2800 ἅπαντες
1043 2720 1192 2805 ἀποθνή-

176 2841 323 2892 σκουσιν.

241 2929 378 2996 LXIIII.
414 2929 687 3019 Διαφθαρέντων
713 2930 752 2999 δὲ
779 2934 907 3000 τούτων
935 2931 1135 3021 ἐπαρθέντες
1158 2933 1194 3001 οί
1204 2951 1231 2994 τε

175 3034 318 3104 Αἰκανοὶ
341 3046 386 3126 τῷ
410 3041 633 3125 προτερήματι
656 3048 809 3127 παρῆσαν
829 3037 882 3106 ἐπὶ
900 3041 959 3107 τὸν
978 3041 1105 3128 χώρακα
1124 3051 1191 3106 τῶν

169 3140 355 3230 Ῥωμαίων,
382 3147 444 3230 τήν
466 3169 501 3211 τε
523 3156 584 3213 τοῦ
607 3150 762 3214 Ποπλίου
785 3147 933 3233 κεφαλήν
957 3145 1010 3212 ἐπὶ
1034 3148 1193 3233 δορατίου

246 3341 261 3390 2
282 3335 555 3409 ου<ρρολ>ξαντεςΒ
627 3337 848 3410 ὅτεταχμένους
866 3339 962 3395 om.B
989 3340 992 3407 Ι
1018 3335 1190 3410 ἀνέστρεφεν

175 3405 246 3476 έχων
264 3406 290 3460 Α
363 3415 378 3462 7
398 3407 538 3479 λήμματος
556 3409 604 3463 Bb
626 3412 630 3481 ή
650 3429 679 3466 τε
699 3427 752 3465 om.
772 3411 795 3464 B
816 3412 820 3481 ή
841 3407 1029 3482 ἐκφερόμενος
1048 3426 1071 3465 ο.
1085 3409 1191 3465 Reiske

174 3483 208 3532 16
227 3475 451 3548 ἀπολειφθέντες
469 3483 492 3535 Δ
