2674 3978
170 182 215 247 34
594 184 756 233 -Ζ-

170 349 253 411 σίων
271 344 448 431 χρημάτων
462 354 556 409 σίτου
575 342 688 426 ὀλίγης
705 341 819 419 αὐτοῖς
832 341 1060 425 ἀπεμπολῆσαι
1077 349 1185 424 τιμῆς,

165 450 385 526 διδάσκοντες
411 449 457 527 ὡς
484 449 520 514 ἐκ
547 449 674 516 τούτων
702 447 744 514 ἀν
771 446 924 532 γένοιντο
954 447 1095 532 μάλιστα
1116 457 1185 512 τῶν

170 560 314 644 χαρίτων
346 553 579 641 ἐπιεικέστεραι
616 557 699 641 πρὸς
734 558 812 632 τοὺς
848 554 1012 639 εὐπόρους
1047 555 1086 618 αί
1117 564 1184 618 τῶν

170 666 321 748 πενήτων
335 663 445 748 όργαί·
465 663 501 727 ολ
517 658 547 726 δ’
565 658 805 747 αὐθαδέστεροι
819 658 875 726 καί
894 660 1262 746 όλιγαρχικάτεροιιεεο

143 771 258 857 ιπάση
276 772 449 855 προθυμίᾳ
467 791 501 832 τε
520 764 575 833 καὶ
594 777 724 853 μηχανῇ
742 776 868 833 κακοῦν
887 765 993 855 ςόοντο
1017 768 1090 832 δεῖν
1107 768 1185 842 τοὺς
1323 755 1324 776 ³

170 878 370 961 δημοτικοὺς
395 873 450 940 καί
478 875 724 959 συνεβούλευον
751 879 871 958 τιμίοις
891 873 936 950 ὡς
965 876 1012 938 ένι
1044 873 1186 957 μάλιστα

169 991 280 1049 ποιεῖν
302 981 414 1058 αὐτοῖς
436 981 493 1057 τάς
515 979 648 1066 ἀγοράς,
675 981 732 1046 ἵνα
755 977 1022 1066 σωφρονέστεροι
1045 979 1101 1044 διά
1123 980 1185 1062 την

170 1087 318 1171 ἀνάγκην
350 1085 501 1170 γένοιντο
533 1084 588 1152 καί
620 1088 702 1172 πρὸς
733 1087 773 1152 τά
805 1087 904 1152 λοιπά
933 1095 991 1170 τῆς
1018 1089 1186 1162 πολιτείας

171 1193 282 1258 δίκαια
303 1194 533 1279 νομιμώτεροι.
1248 1267 1250 1272 ,
1323 1255 1324 1264 ,

131 1320 157 1360 το
259 1298 348 1363 XXI.
376 1300 512 1364 Τούτων
530 1293 573 1383 ἦν
591 1309 657 1363 τῶν
676 1297 897 1384 ὀλιγαρχικῶν
916 1296 971 1363 καί
994 1298 1013 1364 ὁ
1031 1297 1186 1382 Μάρκιος

171 1404 296 1482 ἐκεῖνος
314 1404 332 1471 ό
352 1405 559 1488 Κοριολάνος
577 1402 777 1488 ἐπικληθείς,
800 1402 861 1488 οὐχ
885 1404 994 1486 ὥσπερ
1019 1404 1055 1469 οί
1074 1401 1185 1480 λοιποὶ

170 1512 282 1596 κρύφα
304 1507 361 1576 καὶ
384 1507 428 1575 δι’
457 1510 628 1594 εὐλαβείας
655 1510 717 1594 την
740 1507 861 1575 ἑαυτοῦ
883 1510 1019 1594 γνώμην
1043 1508 1185 1594 ἀποφαι-

170 1619 326 1701 νόμενος,
358 1613 429 1681 ἀλλ’
461 1617 617 1702 ἄντικρυς
648 1614 703 1681 καί
730 1614 898 1699 θρασέως,
931 1616 1014 1681 ὥστε
1041 1617 1186 1692 πολλοὺς

172 1719 388 1788 ἀκοῦσαικαὶ
411 1733 478 1788 τῶν
501 1724 698 1807 δημοτικῶν.
742 1718 809 1807 εἶχε
832 1721 895 1805 γάρ
918 1745 1010 1800 τινας
1033 1721 1094 1800 ἔξω
1117 1733 1185 1787 τῶν

132 1847 158 1888 15
172 1839 294 1894 κοινῶν
317 1827 528 1913 ἐγκλημάτων
557 1825 612 1893 καί
637 1829 724 1905 ίδίας
745 1827 927 1913 προφάσεις
949 1827 1068 1895 νεωστὶ
1090 1851 1185 1911 γενο-

172 1933 286 2018 μένας,
316 1933 348 2012 έξ
377 1928 425 2000 ὧν
452 1936 586 2010 είκότως
614 1933 722 2000 ἐδόκει
744 1945 854 2018 μισείν
876 1937 955 2011 τούς
978 1934 1185 2018 δημοτικούς.
1284 1949 1290 1954 ’
1323 1947 1324 2020 Ῑ

137 2041 333 2108 2ὐποιτείαν
359 2041 422 2126 γάρ
450 2040 539 2127 αὐτῷ
561 2043 707 2124 μετιόντι
733 2050 804 2117 ταῖς
831 2042 965 2124 ἔγγιστα
992 2039 1186 2124 γενομέναις
1323 2043 1324 2060 ’

172 2146 395 2232 ἀρχαιρεσίαις
421 2144 476 2211 καὶ
502 2149 581 2222 τούς
607 2149 799 2230 πατρικίους
826 2149 935 2232 έχοντι
964 2149 1152 2229 συναγωνιζ
1171 2185 1186 2196 -

172 2251 293 2335 μένους
324 2253 342 2319 ὁ
376 2252 480 2336 δῆμος
511 2250 726 2328 ἐναντιωθείς
757 2251 819 2317 οὐκ
850 2259 941 2316 είασε
973 2252 1092 2319 δοῦναι
1123 2253 1185 2336 την

132 2378 159 2418 το
172 2356 278 2444 ἀρχὴν
300 2359 361 2440 την
379 2380 413 2422 τε
438 2360 649 2441 λαμπρότητα
671 2367 732 2423 τοῦ
755 2357 878 2444 ἀνδρὸς
900 2355 955 2422 καί
977 2359 1039 2441 τὴν
1059 2361 1185 2442 τόλμαν

174 2460 218 2528 δι’
236 2463 408 2546 εὐλαβείας
427 2465 523 2548 ἔχων,
542 2467 586 2548 μη
604 2487 637 2528 τι
656 2464 711 2528 διά
724 2473 828 2529 ταῦτα
842 2467 1020 2550 νεωτερίση
1035 2461 1110 2549 περὶ
1124 2465 1186 2547 τὴν

172 2579 239 2634 τῶν
257 2567 436 2654 δημάρχων
452 2568 645 2652 κατάλυσιν,
663 2567 717 2634 καί
736 2570 877 2653 μάλιστα
891 2570 1020 2652 δεδιώς,
1039 2570 1258 2636 &amm-1361

173 2675 359 2758 ελάμβανεν
391 2673 480 2760 αὐτῷ
510 2673 599 2760 πάσῃ
631 2679 805 2763 προθυμίᾳ
835 2677 872 2740 τὸ
905 2685 972 2740 τῶν
1004 2679 1187 2761 πατρικίων

138 2786 302 2865 3πληθος
328 2781 373 2858 ὡς
395 2777 510 2846 οὐδενὶ
539 2790 606 2844 τῶν
628 2783 801 2867 πρότερον.
846 2783 966 2866 ταύτης
987 2777 1015 2846 τ’
1043 2776 1106 2847 οὖν
1128 2791 1187 2866 τῆς

133 2907 158 2948 τε
172 2887 300 2971 ὕβρεως
322 2886 404 2973 ὀργῇ
428 2884 584 2973 ἐπαρθείς
606 2886 624 2952 ὁ
648 2885 732 2973 ἀνὴρ
755 2885 810 2952 καί
832 2887 893 2971 την
917 2889 1102 2972 μεταβολὴν
1124 2897 1187 2954 τοῦ

173 2993 410 3076 πολιτεύματος
436 2994 484 3068 είς
508 2995 568 3058 τὸν
591 2992 623 3071 ἐξ
648 2992 750 3080 ἀρχῆς
771 2996 897 3078 κόσμον
920 2993 1186 3078 ἀποκαταστῆσαι

172 3099 451 3182 προθυμούμενος
477 3098 576 3175 αὐτός
598 3095 627 3164 τ’
654 3099 866 3184 ἀναφανδόν,
896 3101 1005 3186 ὥσπερ
1028 3097 1083 3165 καί
1105 3102 1187 3185 πρό-

173 3225 270 3289 τερον
297 3206 398 3287 ἔφην,
430 3206 565 3290 ἔπραττε
592 3206 653 3288 τὴν
679 3214 740 3270 τοῦ
768 3207 876 3290 δημου
903 3205 1100 3290 κατάλυσιν,
1130 3204 1187 3270 καί

161 3403 164 3410 .
246 3357 426 3428 ῙόλίγοιςΑ
503 3367 536 3414 22
556 3361 656 3424 δεδιὼς
674 3361 729 3418 del.
748 3363 872 3418 Reudler
889 3361 980 3418 Τίτου.
999 3380 1027 3431 p.
1044 3369 1075 3416 51
1150 3367 1186 3416 24

174 3430 286 3484 οὐδενὶ.
306 3428 329 3481 Β
352 3431 356 3500 Ι
376 3428 518 3501 προτέρων
538 3449 560 3486 ο.
579 3430 724 3502 Kiessling
