2674 3978
186 225 229 288 τι
611 226 772 274 -z-

185 385 380 473 σχυομένοις
416 398 483 452 τῶν
514 387 666 470 πενήτων
697 384 870 469 ἐπικουριά
901 406 951 461 τις
981 382 1112 470 ὑπάρχη
1144 380 1201 448 καλ

184 496 371 579 καταφυγή·
394 494 440 570 ὡς
454 489 492 558 δέ
505 489 647 576 τάληθές
660 487 760 578 εἶχεν,
779 491 1004 576 ἐπιβουλεύων
1022 499 1067 578 τῷ
1086 493 1201 579 κόσμῳ
1323 521 1324 562 3

184 609 241 684 τῆς
258 604 424 677 πολιτείας
441 597 496 664 καὶ
515 601 563 676 είς
581 601 805 683 δημοκρατίαν
823 606 1018 682 περιστῆσαι
1037 598 1077 662 τά
1095 598 1275 683 amir-1421

147 716 270 792 4ματα
288 709 501 791 βουλόμενος.
533 702 588 770 καὶ
607 701 694 771 τοῦτ’
715 707 849 770 ἔπεισαν
862 704 948 788 ἡμᾶς
966 704 1002 770 οί
1015 703 1202 788 σύμβουλοι
1324 706 1325 772 i

157 816 222 880 ετὸ
242 813 375 899 ἀρχεῖον
395 810 488 877 ἐᾶσαι
506 815 689 895 παρελθεῖν
707 811 756 888 είς
773 811 835 894 τὴν
853 813 953 876 πόλιν
966 807 1020 876 ἐπὶ
1035 817 1081 898 τῷ
1096 819 1200 899 κοινῷ
1324 795 1325 802 ¹

183 920 451 1006 παραγινόμενον
482 926 589 1006 κακῷ,
620 915 675 982 καλ
702 915 832 1002 μάλιστ’
867 915 920 983 ε’πλ
952 925 997 1005 τῷ
1030 918 1112 982 κατὰ
1143 925 1202 1001 τῆς

183 1031 308 1112 βουλῆς
325 1026 458 1112 φθόνῳ,
475 1023 592 1108 πολλά,
611 1029 701 1110 είπερ
720 1025 785 1107 άρα
802 1020 986 1109 μέμνησθε,
1003 1026 1202 1109 κεκραγότος
1325 1077 1326 1080 ¹

184 1132 266 1216 ἐμοῦ
288 1128 344 1196 καὶ
366 1128 618 1216 μαρτυρομένου
641 1131 744 1208 θεούς
765 1154 801 1196 τε
823 1129 878 1196 καὶ
901 1129 1118 1216 ἀνθρώπους,
1148 1130 1200 1198 ὅτι

182 1242 330 1322 πόλεμον
361 1235 525 1322 ἐμφύλιον
553 1239 721 1304 ἄπαυστον
751 1239 799 1314 είς
829 1237 891 1320 τὴν
918 1241 1017 1316 πόλιν
1045 1236 1201 1322 εἰσάξετε,

144 1371 170 1410 ιο
183 1343 238 1410 καλ
260 1340 363 1410 πάνθ’
391 1343 454 1410 ὅσα
476 1343 557 1427 ὑμῖν
579 1342 764 1430 προβέβηκε
787 1342 951 1428 λέγοντος.

248 1449 284 1516 L.
321 1452 364 1514 Τί
384 1445 447 1516 οὑν
469 1449 624 1535 ἐποίησεν
643 1451 661 1517 ό
680 1452 822 1538 χρηστὸς
843 1450 923 1534 ἡμῖν
947 1452 1062 1536 δῆμος,
1085 1449 1200 1534 ἐπειδὴ

181 1555 237 1623 καὶ
262 1556 386 1639 ταύτην
414 1556 503 1644 αὐτῷ
533 1560 783 1643 συνεχωρήσατε
805 1557 867 1640 τὴν
894 1555 1014 1642 άρχηνς
1043 1556 1105 1623 οὐκ
1128 1555 1200 1622 ἐτα-

182 1662 339 1749 μιεύσατο
374 1665 435 1748 την
465 1664 629 1747 τοσαύτην
657 1664 755 1749 χάριν
786 1660 860 1729 οὐδ’
894 1666 1012 1746 ἔλαβεν
1044 1665 1200 1750 αίσχυνο-

182 1768 289 1854 μένως
316 1768 420 1852 αὐτὴν
447 1766 502 1834 καί
532 1773 730 1855 σωφρόνως,
759 1766 831 1835 ἀλλ’
866 1769 912 1846 ὡς
943 1772 1111 1836 δεδοικόσι
1136 1771 1200 1853 τὴν

142 1897 168 1939 ιε
183 1880 280 1964 ίσγὺν
304 1876 407 1942 αὐτοῦ
430 1873 485 1942 καί
502 1880 739 1962 κατεπτηχόσιν
757 1877 837 1961 ὑμῖν
856 1925 955 1941 .....
974 1878 1085 1942 ἔπειτα
1105 1877 1273 1963 {spivum

181 1983 236 2048 καλ
264 1985 391 2049 ἄσυλον
419 1984 481 2068 ἐφη
506 1984 577 2049 δεῖν
605 1983 846 2070 ἀποδειχθῆναι
873 1985 935 2068 τὴν
958 1981 1064 2068 ἀρχὴν
1087 1983 1207 2069 ὅρκοις

181 2091 445 2174 ἐμπεδωθεῖσαν,
472 2092 608 2175 κρείττω
630 2091 729 2174 τιμὴν
752 2091 948 2175 αἰτούμενος
970 2084 1009 2174 ἧς
1033 2091 1199 2156 δεδώκατε

109 2191 110 2196 ’
181 2197 275 2281 ὑμεῖς
297 2207 367 2274 τοῖς
389 2195 535 2273 ὑπάτοις.
580 2195 775 2281 ὑπεμείνατε
793 2195 848 2262 καὶ
868 2205 966 2262 τοῦτο
989 2194 1045 2261 καί
1064 2196 1200 2274 στάντες

182 2300 236 2367 ’ἐπὶ
258 2313 325 2368 τῶν
348 2305 473 2387 τομίων
491 2299 561 2369 κατ’
585 2300 737 2380 ἐξωλείας
755 2300 882 2368 ἑαυτῶν
901 2326 935 2368 τε
953 2302 1009 2368 καλ
1027 2313 1094 2368 τῶν
1117 2302 1200 2369 ἀπο-

141 2392 293 2506 ,Ξγόνων
324 2409 481 2493 ὠμόσατε.
526 2413 562 2475 τί
587 2404 650 2476 οὖν
680 2409 812 2494 ἐποίησε
841 2408 896 2475 καὶ
927 2410 1049 2475 τούτου
1071 2411 1197 2494 τυχύνς

181 2514 257 2579 άντλ
279 2524 339 2580 τοῦ
357 2516 491 2601 χάριτας
507 2514 589 2600 ὑμῖν
612 2514 737 2582 εἰδέναι
759 2514 814 2581 καί
838 2517 954 2594 σώζειν
975 2518 1034 2582 τὸν
1056 2515 1198 2601 πάτριον

180 2625 307 2707 κόσμον
326 2630 383 2706 τῆς
402 2625 579 2706 πολιτείας,
599 2621 781 2708 ἀρξάμενος
800 2621 863 2689 άπὸ
878 2624 1005 2688 τούτων
1019 2632 1087 2688 τῶν
1100 2627 1199 2688 πλεο-

179 2728 299 2808 νεξιῶν
328 2727 384 2794 καὶ
413 2728 546 2806 ταύταις
575 2739 645 2806 ταῖς
674 2732 895 2816 παρανομίαις
931 2727 1097 2814 ἀφορμαῖς
1129 2739 1198 2794 τῶν

253 2929 269 2977 6
287 2907 518 2992 παραγένόμενον
537 2920 558 2976 G
576 2921 804 2990 παραγινόμενον
822 2922 848 2974 R
931 2927 947 2975 8
967 2919 1198 2992 μαρτυρουμένων

182 2993 293 3048 Oeorr.
313 2992 417 3046 Reiske
508 2999 541 3047 10
559 2990 718 3065 προβέβηκε
741 2991 869 3062 λέγοντος
892 2991 915 3046 O
940 2988 1074 3116 ἐκβέβηκε
1097 2992 1200 3062 προλέ-

180 3083 279 3132 γοντος
298 3080 320 3117 υ.
341 3063 463 3132 Sylburg
481 3063 643 3137 ἀποβέβηκε
661 3067 684 3116 λ.
700 3062 803 3117 Reiske
863 3071 894 3118 11
911 3065 978 3133 ὑμῖν
1077 3070 1110 3119 15
1129 3063 1199 3134 ἡμῖν

182 3135 223 3190 ἔτι
241 3138 345 3204 μᾶλλον
365 3131 487 3191 ἐνέκειτο
506 3135 555 3189 καλ
574 3133 654 3204 λερδιν
673 3151 695 3189 ο.
711 3133 862 3204 Kiessling‚
881 3134 948 3205 ἡμῖν
963 3135 1097 3189 ἀπαντῶν
1118 3131 1199 3204 ἱερὰν

181 3205 230 3261 καλ
248 3222 271 3258 ο.
286 3205 395 3273 Kayser
409 3208 480 3258 Ann.
500 3206 569 3274 phil.
586 3211 655 3261 1868
669 3223 697 3274 p.
713 3210 774 3274 815,
792 3208 858 3274 posi
875 3203 893 3273 η
916 3213 943 3260 ῖν
962 3221 985 3261 ο.
1002 3223 1025 3260 ο.
1045 3200 1198 3278 ἐνυβρίζων

181 3293 204 3332 ο.
224 3274 336 3344 Βοὶελιο,
355 3276 487 3330 lacunam
504 3276 609 3346 inqua
627 3275 811 3346 participium
829 3225 972 3346 quoiiiam
991 3275 1130 3330 excidisse
1146 3293 1198 3345 pro

181 3348 258 3401 certo
276 3345 378 3416 habeo,
397 3346 522 3401 indicavi
607 3352 641 3402 19
661 3346 730 3420 τ<ι>
753 3347 844 3401 ίωυΒ
878 3350 883 3418 Ι
916 3346 1065 3416 προγόνων
1083 3346 1105 3401 Ο
1126 3347 1199 3402 άπο-

179 3416 281 3544 γῖόνῖν,
306 3412 444 3542 ἐπιγέόγων
467 3420 513 3473 vel
537 3412 659 3489 ἐγγόνων
684 3435 706 3474 ο.
727 3367 848 3488 iiylburg
870 3418 905 3474 ef.
925 3417 1097 3488 Grasberger
1120 3417 1199 3473 Τοεε.

208 3506 237 3543 er
257 3506 295 3557 ip.
314 3506 342 3558 p.
