2586 3972
188 202 254 266 280
611 203 778 255 -Θ-

187 386 279 446 νετο,
306 364 395 450 παρά
419 388 520 430 τινων
544 364 760 450 αἰχμαλώτων
785 364 986 441 ἀκούσαντες
1010 363 1247 448 έπηρθησάνιιοα

187 493 221 534 τε
245 481 316 546 ταῖς
338 471 485 555 γνώμαις
507 472 554 535 ἔτι
578 475 717 554 μᾶλλον,
740 471 786 547 ὡς
803 477 1030 555 πολεμοῦντος
1047 469 1193 548 τοῑςῬα-

187 580 297 661 μαίοις
320 584 380 641 τοῦ
404 576 593 660 δαιμονίου,
615 575 670 641 καλ
692 577 821 660 πολλὴν
840 571 931 662 εἶχον
950 574 1069 642 ἐλπίδα
1086 579 1194 660 κραιη-
1269 601 1270 604 ’

188 699 261 747 σειν
288 683 412 747 αὐτῶν·
441 683 536 747 οἵτε
563 682 697 767 μάντεις
724 681 959 768 ἀκριβέστερον
985 693 1055 748 τῶν
1083 685 1196 748 άλλοθί

161 809 254 855 ιπου
282 791 459 865 δοκοῦντες
486 786 676 873 ἐξητακέναι
701 791 741 854 τά
769 789 944 876 μετάρσια,
973 793 1083 856 πόθεν
1107 813 1140 855 τε
1164 791 1196 855 αι’
1252 841 1256 848 .

136 891 138 896 ’
187 905 254 959 τῶν
281 905 455 980 κεραυνῶν
482 899 632 978 γίνονται
659 892 759 979 βολαὶ
785 893 841 960 καὶ
868 899 957 972 τίνες
980 896 1102 973 αὐτοὺς
1122 897 1193 962 ὑπο-

188 998 341 1085 δέχονται
363 1001 443 1083 μετὰ
465 1001 523 1078 τάς
540 1001 666 1086 πληγάς
684 999 844 1078 ἀπιόντας
860 1003 967 1085 τόποι,
989 1007 1083 1068 θεῶν
1100 1027 1134 1068 τε
1151 994 1194 1078 οἷς

188 1104 319 1171 έκαστοι
347 1105 563 1172 ἀποδίδονται
590 1104 646 1171 καλ
674 1109 776 1172 τίνων
805 1107 944 1190 ἀγαθῶν
967 1107 987 1192 ἣ
1011 1120 1121 1174 κακῶν
1142 1133 1194 1192 μη-

187 1215 296 1296 νυταί,
318 1224 439 1298 χωρεῖν
462 1213 562 1297 ὁμόσε
581 1223 652 1289 τολς
670 1217 843 1298 πολεμίοις
860 1211 1038 1299 παρῄνουν
1056 1215 1195 1302 διαιρού-

148 1339 174 1378 10
188 1343 282 1403 μενοι
305 1321 342 1385 τὸ
366 1321 549 1402 γενόμενον
571 1329 642 1395 τοῖς
657 1315 831 1403 Ῥωμαίοις
853 1332 992 1404 σημεῖον
1015 1323 1097 1386 κατὰ
1118 1321 1194 1385 τάδε.

153 1425 302 1510 δέπειδὴ
325 1429 362 1491 τὸ
386 1423 483 1510 βέλος
505 1426 552 1502 είς
573 1425 702 1491 ὑπάτου
725 1427 852 1510 σκηνὴν
875 1426 1097 1512 κατέσκηψεν,
1123 1419 1195 1512 ἕνῇ

187 1535 225 1597 τὸ
248 1519 447 1618 στρατήγιον
469 1530 561 1625 ε’νῆν,
582 1529 638 1596 καί
660 1540 771 1597 πᾶσαν
794 1531 899 1616 αὐτην
918 1533 994 1618 άχρι
1017 1542 1076 1616 τῆς
1098 1531 1196 1608 ἑστίας

188 1637 366 1722 ἠφάνισεν,
395 1637 455 1722 ὅλη
480 1640 721 1722 προσημαίνειν
744 1640 782 1703 τὸ
805 1639 983 1722 δαιμόνιον
1005 1649 1046 1724 τῇ
1069 1648 1195 1724 στρατιᾷ

187 1752 248 1809 τοῦ
276 1743 418 1830 χάρακος
446 1746 594 1820 ἔκλειψιν
620 1747 679 1830 βίᾳ
705 1743 932 1829 κρατηθέντος
958 1743 1014 1810 καί
1043 1757 1109 1811 τῶν
1136 1745 1195 1811 ἐπι-

149 1832 404 1946 ξφανεστάταν
427 1853 579 1930 ὄλεθρον.
617 1852 649 1915 εί
669 1847 731 1934 μὲν
754 1845 828 1934 οὖν,
852 1853 992 1936 ἔφασαν,
1016 1855 1149 1938 ἔμειναν
1164 1853 1196 1919 ἐν

189 1949 215 2041 ᾧ
238 1956 421 2040 κατέσκηψε
444 1960 553 2044 χωρίῳ
576 1959 613 2022 τὸ
636 1956 734 2041 βέλος
755 1959 792 2023 οἱ
812 1957 1004 2043 κατέχοντες
1026 1961 1123 2044 αὐτό,
1148 1957 1247 2025 nullm

188 2063 232 2146 μὴ
260 2062 500 2147 μετηνέγκαντο
523 2064 563 2127 τὰ
585 2075 704 2147 σημεῖα
727 2063 773 2140 ὡς
794 2067 872 2140 τοὺς
896 2061 1046 2151 ἑτέρους,
1074 2077 1148 2152 μιᾶς
1167 2089 1195 2131 τε

188 2173 396 2254 παρεμβολῆς
419 2167 539 2234 ἁλώσει
561 2167 617 2233 καὶ
640 2166 716 2246 ἑνὸς
738 2168 870 2259 ὀλέθρῳ
895 2183 1039 2257 στρατοῦ
1057 2176 1094 2239 τὸ
1112 2197 1195 2258 νεμε-

189 2284 258 2337 σῶν
295 2275 407 2351 αὐτοῖς
443 2277 620 2359 δαιμόνιον
652 2274 890 2359 ἀπεπλήρωσεν
923 2275 965 2342 άν
997 2280 1059 2344 τὸν
1089 2283 1195 2366 χόλον·

149 2399 175 2438 ιο
189 2377 302 2464 ἐπειδὴ
327 2376 363 2444 δὲ
386 2382 570 2465 σοφώτεροι
588 2392 656 2445 τῶν
672 2387 766 2447 θεῶν
784 2378 871 2448 εἶναι
891 2387 1066 2467 ζητοῦντες
1082 2390 1130 2464 είς
1145 2388 1196 2450 τὸν

188 2482 302 2570 ἕτερον
313 2485 440 2571 χάρακα
453 2489 868 2572 μετεστρατοπεδεύσαντο,
881 2473 1118 2570 καταλιπόντες
1131 2494 1196 2575 ἔρη-

188 2614 253 2672 μον
275 2594 334 2657 τὸν
356 2597 471 2678 τόπον,
494 2595 539 2670 ὡς
561 2594 604 2660 οὐ
626 2607 695 2672 τοῖς
717 2596 911 2681 ἀνθρώποις
933 2606 995 2662 τοῦ
1017 2605 1104 2665 θεοῦ
1126 2621 1195 2685 προ

188 2697 370 2780 δηλοῦντος
401 2701 460 2777 τάς
491 2702 681 2787 συμφοράς,
713 2703 797 2769 άλλά
829 2716 899 2780 τοῖς
930 2707 1062 2790 τόποις,
1094 2707 1197 2780 κοινὸς

188 2803 312 2868 ἅπασιν
339 2805 451 2881 αὐτοῖς
478 2806 496 2871 ὁ
524 2808 614 2892 παρά
635 2817 696 2874 τοῦ
720 2811 879 2894 δαίμονος
900 2809 972 2894 ἥξει
994 2815 1108 2896 χόλος,
1134 2821 1195 2886 τοῖς

148 2892 217 3004 ἐτ’
252 2909 459 2977 ἀπαναστᾶσι
495 2910 551 2978 καὶ
581 2924 652 2991 τοῖς
683 2914 951 3000 ὑποδεξαμένοις.
1002 2915 1058 2981 καὶ
1090 2918 1194 2998 ἐπειδη

189 3013 313 3081 ἁλῶναι
340 3029 436 3102 σφῶν
462 3021 522 3084 τὸν
550 3018 664 3105 ἕτερον
686 3022 813 3107 χάρακα
835 3026 894 3109 βίᾳ
915 3027 1012 3100 θείας
1034 3024 1194 3088 ἐπιθεσπι-

189 3124 308 3206 ζούσης
334 3125 478 3208 ἀνάγκης
506 3125 547 3191 οὐ
569 3127 782 3211 περιέμειναν
803 3132 841 3194 τὸ
864 3132 987 3215 χρεών,
1016 3128 1087 3196 ἀλλ’
1108 3125 1196 3195 αὐτοὶ

259 3316 465 3377 2τοῖςοω.Β
540 3323 572 3370 13
592 3317 788 3399 &QUEM
862 3329 894 3377 18
914 3320 1037 3392 ὀλέθρου
1055 3323 1101 3376 Ba
1164 3326 1193 3373 20

189 3376 250 3520 guel}
259 3383 343 3508 ggtc.
359 3387 485 3508 II3Reudler
503 3387 593 3444 Time.
613 3393 675 3442 οτιλ.
694 3409 722 3460 p.
737 3397 771 3444 47
840 3399 872 3446 λι
893 3392 1193 3464 μετεστρατοπέδευσαν

251 3472 260 3505 ι
313 3472 343 3508 er
