2674 3978
514 257 677 308 -ι-
1060 253 1103 319 63

93 413 197 502 ἦλθον
220 419 266 496 είς
286 428 405 505 πεῖραν
429 415 603 503 ἐμφυλίων
631 418 820 504 διαφορῶν,
850 414 950 484 οὐδὲν
972 424 1103 504 θαυμα-

93 527 183 608 στόν,
213 527 244 590 εί
270 521 314 589 δι’
342 523 495 610 ἀπειρίαν
521 534 591 590 τῶν
612 535 723 590 κακῶν
747 521 820 610 μήτ’
848 525 1011 610 ἀχδονται
1033 537 1104 602 τοῖς

92 633 242 714 γεγονόσι
270 632 393 708 δεινοῖς
420 631 500 716 μήτε
527 632 717 697 κωλύουσιν
745 630 782 696 ἐκ
808 635 935 697 πολλοῦ
964 632 1004 696 τά
1027 628 1103 715 μέλ-

92 741 195 804 λοντα.
232 738 306 803 ὅσοι
330 734 361 802 δ’
388 737 497 823 ὥσπερ
520 736 615 823 ὑμεῖς
639 739 686 814 είς
707 740 787 815 τοὺς
809 737 967 823 ἐσχάτους
988 737 1103 802 κινδύ-

91 869 167 922 νους
187 844 406 922 καταστάντες
424 843 598 929 ἀγαπητῶς
616 843 865 930 ἀπηλλάγησαν,
888 844 931 929 ἣν
950 845 968 910 ὁ
986 844 1102 930 καιρὸς
1128 864 1141 906 ι

92 949 201 1038 ἀπῄτει
224 951 444 1036 ποιησάμενοι
466 962 533 1018 τῶν
555 962 667 1017 κακῶν
689 952 798 1035 λύσιν,
823 953 872 1029 τίς
895 951 1102 1038 εύπρεπηςῆ

90 1062 198 1142 μετρία
230 1060 398 1145 πρόφασις
429 1056 640 1124 ἀπολείπεται
670 1059 818 1143 τούτοις,
855 1057 913 1156 ἐάν
946 1060 993 1123 ἔτι
1031 1069 1102 1135 ταῖς

90 1164 197 1242 αὐταῖς
221 1163 458 1250 συμφέρωνται
475 1165 604 1249 τύχαις;
627 1166 676 1240 τίς
697 1161 728 1228 δ’
750 1164 812 1230 ούκ
830 1163 872 1229 ἂν
890 1164 985 1248 ὑμῶν
1003 1169 1137 1233 κατα-4

90 1274 179 1355 γνοίη
212 1272 342 1355 πολλὴν
369 1271 489 1336 άνοιαν
516 1266 571 1336 καὶ
601 1272 723 1355 μανίαν
751 1269 1018 1355 ἐνθυμούμενος,
1050 1271 1101 1336 ὅτι

35 1379 204 1462 ωοιμικρδν
231 1373 295 1463 μέν
322 1379 513 1463 ἔμπροσθεν
539 1372 623 1462 ὑπὲρ
650 1385 711 1442 τοῦ
738 1375 782 1461 μὴ
809 1375 997 1455 στασιάζειν
1024 1379 1103 1453 τοὺς
1116 1398 1144 1439 ιο

92 1483 228 1567 δημότας
250 1484 358 1549 πολλὰ
375 1484 464 1570 παρὰ
482 1484 618 1568 γνώμην
637 1483 844 1568 ὑπεμείνατε,
868 1475 915 1546 ὧν
935 1485 1007 1548 ἔνια
1026 1482 1102 1548 ούτε

90 1589 242 1656 κάλλιστα
266 1585 309 1673 ἦν
332 1596 412 1667 ἴσως
435 1590 510 1656 ούτε
534 1587 799 1655 λυσιτελέστατα·
823 1585 937 1654 τῶνδ’
961 1585 1031 1655 οὔτ’
1055 1589 1103 1665 είς

92 1697 233 1781 χρήματα
258 1697 465 1781 βλάπτεσθαι
488 1693 664 1780 μέλλοντες
686 1692 758 1763 οὔτ’
780 1696 828 1773 είς
851 1693 1005 1773 εὐδοξίαν
1028 1690 1097 1760 οὔτ’

91 1803 132 1878 είς
152 1803 234 1870 ἀλλο
259 1814 326 1868 τῶν
348 1813 473 1869 κοινῶν
495 1799 568 1868 οὐδ’
596 1802 723 1886 ὁτιοῦν,
752 1803 808 1868 ἵνα
831 1804 1010 1889 χαρίζησθε
1033 1811 1103 1878 τοῖς

92 1909 372 1996 μισοδημοτάτοις,
391 1912 429 1976 τὸ
445 1909 623 1994 δημοτικὸν
638 1903 739 1987 αὖθις
753 1907 1009 1993 ἐκπολεμώσετε;
1027 1908 1101 1991 ούκ,
1115 1929 1142 1970 ιι

93 2011 144 2079 ἐάν
169 2039 206 2099 γε
230 2025 436 2101 σωφρονῆτε.
476 2014 582 2099 ἡδέως
610 2014 641 2080 δ’
667 2014 710 2082 δν
737 2016 823 2100 ὑμᾶς
846 2015 1000 2101 ἐροίμην,
1026 2017 1136 2084 τίυαδ

93 2123 219 2207 γνώμην
238 2126 397 2208 λαβόντες
412 2124 484 2188 τότε
502 2124 566 2206 τὴν
583 2123 734 2190 κάθοδον
751 2121 831 2208 ἡμῖν
851 2124 1101 2207 συνεχωρήσατε

94 2224 137 2311 ἐφ’
157 2220 207 2307 οἷς
228 2229 402 2315 ἠξιοῦμεν,
423 2231 547 2316 πότερα
564 2234 712 2318 λογισμῷ
732 2229 948 2316 προϊδόμενοι
966 2229 1004 2294 τὸ
1022 2227 1101 2312 κρά-

94 2350 194 2400 τιστον
221 2334 243 2420 ἢ
273 2344 312 2421 τῇ
341 2335 467 2421 ἀνάγκη
495 2334 655 2415 eleanam
682 2342 774 2419 είπερ
802 2335 865 2419 γάρ
892 2331 991 2400 ταῦθ’
1022 2334 1101 2400 ὑπε-

95 2443 266 2526 λαμβάνετε
290 2441 526 2527 ὠφελιμώτατα
549 2437 635 2508 είναι
658 2450 697 2526 τῇ
724 2444 835 2525 πόλει,
863 2443 898 2506 τί
922 2440 963 2506 ού
986 2439 1099 2526 μένετε
1114 2463 1142 2504 ω

95 2545 140 2610 καὶ
161 2559 224 2615 νῦν
248 2548 286 2614 έν
306 2547 431 2627 αύτοίςς
455 2550 487 2613 εἰ
509 2545 539 2613 δ’
562 2547 724 2631 ἀναγκαῖα
742 2547 796 2612 καὶ
821 2548 882 2613 οὐκ
900 2545 1101 2633 ἐνδεχόμενα

96 2651 190 2733 άλλως
212 2654 383 2740 γενέσθαι,
406 2657 441 2720 τί
456 2658 666 2741 χαλεπαίνετε
686 2651 891 2739 γευομένοις;
914 2655 975 2738 τὴν
994 2653 1100 2740 ἀρχὴν

155 2818 167 2864 1
189 2806 330 2882 έκφυλίων
348 2813 370 2865 Β
390 2807 532 2882 ἐμφυλίων
546 2811 572 2864 R
588 2814 592 2876 Ι
609 2819 760 2882 συμφορῶν
775 2810 798 2864 Ο
817 2812 964 2878 διαφορῶν
979 2825 1001 2865 ο.
1018 2808 1100 2863 Gras-

93 2877 182 2949 berger
198 2883 218 2936 l.
237 2883 256 2938 1,
276 2901 303 2952 p.
320 2888 372 2938 550
463 2891 478 2937 2
500 2882 641 2952 όχθωνται
662 2885 684 2936 Β
704 2899 741 2935 an
761 2881 933 2950 όχθούνταιλ
953 2879 971 2934 ἀ
989 2883 1099 2934 θωνται

93 2948 199 3018 ΒΙτοῖς
216 2970 272 3010 om.
292 2955 316 3007 B
401 2959 418 3008 3
436 2954 578 3008 κωλύσασιν
597 2954 621 3008 Β
711 2960 728 3007 4
747 2948 907 3022 ἐλαχίστους
925 2950 948 3006 O
968 2899 1100 3020 ἀσχάτους

95 3036 112 3075 ⁰.
128 3021 226 3078 Reiske
324 3023 396 3078 δάν
414 3026 461 3079 Ba
484 3025 503 3079 δι
521 3025 547 3078 R
568 3022 605 3093 ἣν
623 3023 727 3079 Reiske
823 3028 838 3078 8
858 3021 1056 3095 συμφέρωνται
1076 3023 1098 3077 O

95 3085 258 3163 ἒμφέρωνται
276 3095 386 3165 Kayser
403 3096 474 3152 Ann.
493 3096 564 3165 phil.
581 3103 649 3151 1868
668 3113 696 3164 p.
713 3101 764 3150 817
790 3097 794 3164 Ι
819 3095 886 3165 ύμῖν
904 3094 928 3147 Β
1018 3101 1034 3148 9
1054 3089 1097 3148 ἐν·

94 3164 272 3236 θυμούμενοις
290 3167 314 3219 Β
371 3173 404 3221 10
422 3167 547 3238 *μικροῦ
563 3165 585 3221 O
605 3172 693 3239 μικρῷ
712 3183 735 3220 ο.
750 3166 879 3221 Hertlein
893 3166 989 3236 Progr.
1005 3165 1098 3220 Wert-

95 3230 160 3354 Ιχείω
178 3244 245 3293 1873
265 3256 293 3308 p.
310 3245 325 3293 9
345 3237 445 3308 μικρόν
464 3255 516 3308 ego
619 3245 650 3292 11
671 3237 831 3309 πολλὰγὰρ
850 3240 915 3308 (ras.
935 3238 1001 3329 del.)
1019 3237 1098 3307 παρὰ

113 3320 133 3383 β
200 3315 232 3364 14
251 3311 442 3379 χαρίζεσδεΔ
516 3314 548 3365 15
567 3307 804 3380 μισοδημόταιςΟ
824 3311 1056 3380 μισοδημοτατοις
1075 3326 1097 3364 ο.

96 3372 204 3432 Smtenis
223 3380 285 3436 Em.
303 3380 384 3435 Dion.
398 3379 425 3433 11
440 3388 473 3436 36
547 3386 581 3436 18
600 3379 784 3450 προιδόμενοι
797 3381 844 3434 Ba
862 3380 1061 3451 προειδόμενοι
1077 3382 1099 3433 R

96 3449 264 3520 προελόμενοι
283 3469 306 3506 ο.
324 3450 467 3520 Kiessling
540 3458 573 3507 19
587 3451 650 3506 τότε
669 3451 878 3525 ὑπελαμβάνετε
897 3452 1099 3522 ὠφελιμώτατα

96 3526 171 3574 ταῦτα
189 3538 211 3578 ο,
230 3522 336 3578 Garrer
354 3520 420 3577 Obs.
438 3540 466 3591 p.
481 3529 516 3578 24
589 3529 623 3577 21
643 3523 674 3577 εί
686 3541 716 3577 τε
735 3522 758 3576 Ο
778 3521 805 3578 εί
822 3522 854 3578 δὲ
874 3522 977 3577 ΒείεΙῐε
