2586 3972
492 250 658 298 ..Η-

85 419 132 494 ιῆς
151 413 272 487 πόλεως
294 407 350 474 καλ
372 409 413 474 τά
436 411 543 493 τείχη,
570 411 614 493 μη
642 432 692 486 τις
719 410 889 494 αἰφνίδιος
915 411 1083 493 πολεμίων

85 515 203 602 γένηται
225 518 347 602 ἐφοδος
370 514 665 600 ἐξεστρατευμένης
687 525 744 599 τῆς
765 518 920 600 νεότητος
941 514 1082 600 ἀθρόας·

16 623 223 720 γιιεεηγεῖσθαι
246 619 284 688 δὲ
307 631 365 707 τῆς
387 622 561 706 δυνάμεως
583 623 703 707 ταύτης
723 617 839 688 Αὖλον
862 622 1084 707 Σεμπρώνιον

16 733 18 830 λ
81 727 273 814 Ἀτρατῖνον,
303 730 410 814 ἀνδρα
440 740 507 794 τῶν
536 729 716 794 ὑπατικῶν.
769 727 897 812 ἐγίνετο
928 725 965 794 δέ
988 726 1079 794 ταῦτ’

16 831 17 834 “
82 837 116 902 ού
137 838 190 901 διδ
213 846 352 921 μακροῦ.
1111 856 1124 896 ε

138 943 234 1008 LXV.
269 939 440 1019 Ἀκύλλιος
467 938 529 1026 μέν
556 936 619 1007 οὖν
648 943 763 1026 ἀτερος
790 953 858 1008 τῶν
884 942 1021 1008 ὑπάτων
1048 941 1085 1007 ἐν
1127 987 1129 991 ,

80 1057 113 1133 τῇ
134 1053 391 1134 Πραινεστηνῶν
418 1050 510 1136 χώρᾳ
540 1051 600 1114 τὸν
617 1045 779 1133 Ἑρνίκων
803 1051 943 1134 στρατὸν
965 1047 1086 1134 ὑπομέ-

81 1179 172 1222 νοντα
193 1156 391 1241 καταλαβδον
415 1153 849 1241 ἀντικατεστρατοπέδευσεν
872 1156 918 1233 ὡς
945 1155 1085 1223 ἐδύνατο

80 1260 197 1345 μάλιστ’
230 1263 399 1348 ἀγχοτάτω
428 1264 584 1339 σταδίους
611 1263 675 1329 ἀπὸ
705 1271 764 1347 τῆς
785 1260 910 1347 Ῥώμης
932 1263 1087 1347 ἀποσχὼν

80 1369 172 1458 δλίγφ
194 1373 332 1447 πλείους
359 1370 555 1435 διακοσίων·
583 1373 675 1456 τρίτη
704 1365 735 1434 δ’
763 1367 820 1454 ἀφ’
846 1364 886 1452 ἧς
912 1385 1086 1454 κατεστρα-
1101 1387 1128 1427 ιο

79 1473 270 1543 τοπέδευσεν
292 1474 414 1563 ἡμέρα,
444 1478 682 1562 προελθόντων
710 1475 746 1541 ἐκ
772 1485 834 1542 τοῦ
856 1476 999 1561 χάρακος
1021 1485 1088 1540 τῶν

75 1579 228 1668 Ἑρνίκων
255 1584 305 1660 είς
326 1583 363 1648 τὸ
392 1583 509 1648 πεδίον
533 1582 570 1648 ἐν
599 1581 688 1661 τάξει
711 1580 766 1648 καλ
789 1583 829 1647 τὰ
852 1579 959 1666 σημεῖ’
987 1580 1088 1667 ἀράν-

78 1711 137 1754 των
163 1697 222 1773 της
249 1688 370 1775 μάχης,
398 1687 556 1773 ἀντεξῆγε
583 1687 638 1755 καὶ
666 1688 766 1766 αὐτὸς
792 1690 853 1774 την
883 1689 1028 1773 δύναμιν
1052 1685 1088 1752 ἐν

78 1799 183 1886 κόσμῳ
206 1820 241 1862 τε
263 1794 424 1862 καὶκατὰ
447 1794 533 1881 τέλη.
578 1794 649 1861 ἐπεὶ
673 1793 703 1862 δ’
726 1795 831 1882 ἀγχοῦ
852 1794 1007 1879 ἐγένοντο
1031 1792 1123 1859 (ἀλ-2

78 1906 182 1987 ληλων
206 1904 306 1970 ἔθεον
330 1902 550 1982 ἀλαλάξαντες
568 1903 680 1988 ὁμόσε,
703 1914 836 1989 πρῶτον
859 1899 920 1986 μέν
941 1902 977 1968 οί
995 1897 1090 1979 ψιλοὶ
1105 1919 1130 1958 1⁵

16 2045 18 2104 γ
78 2012 222 2075 σαυνίων
243 2032 278 2074 τε
302 2013 418 2094 βολαῖς
435 2007 490 2074 καλ
509 2008 684 2095 τοξεύμασι
703 2005 759 2073 καὶ
776 2012 887 2086 λίθοις
905 2006 969 2072 ἀπὸ
989 2021 1090 2091 σφεν-

79 2115 173 2200 δάνης
200 2118 399 2201 μαχόμενοι,
427 2113 484 2181 καὶ
510 2117 617 2181 πολλά
644 2117 813 2201 τραύματα
840 2116 962 2180 ἐδοσαν
991 2111 1090 2197 ἀλλη-

16 2283 18 2292 ,
79 2225 155 2298 λοις·
193 2223 305 2287 ἔπειτα
342 2224 451 2300 ίιττιεῖς
488 2223 622 2288 ίππεύσι
660 2221 879 2309 συρράττουσι
911 2215 982 2300 κατ’
1020 2224 1092 2296 ῖλας

16 2317 18 2416 ξ
79 2325 270 2407 ἐλαύνοντες
292 2327 348 2394 καλ
370 2333 408 2396 τὸ
432 2331 530 2409 πεζὸν
552 2338 598 2418 τῷ
622 2331 706 2417 πεζῷ
729 2327 812 2394 κατά
833 2329 967 2413 σπείρας
989 2328 1090 2412 μαχό-

28 2445 185 2518 ιεεομενον.
231 2437 317 2502 ἔνθα
347 2436 389 2520 δὴ
413 2437 513 2512 καλὸς
535 2433 626 2518 ἀγὼν
649 2430 692 2519 ἦν
715 2433 871 2518 ἐκθύμως
892 2430 1089 2519 ἀμφοτέρων
1104 2452 1130 2492 εο

16 2537 17 2612 J
79 2541 341 2628 ἀγωνιζομένων,
371 2539 427 2606 καλ
456 2539 551 2627 μέχρι
579 2545 707 2607 πολλοῦ
735 2537 889 2625 διέμενον
918 2536 1089 2623 οὐδέτεροι

78 2662 142 2728 τοῖς
170 2647 294 2731 ἑτέροις
318 2659 379 2715 τοῦ
406 2651 547 2735 χωρίου,
580 2646 616 2711 ἐν
646 2639 673 2734 ςδ
702 2644 905 2730 ἐτάχθησαν,
933 2651 1088 2718 είκοντες.

80 2757 183 2823 ἔπειτα
210 2757 231 2840 ἡ
260 2754 426 2840 Ῥωμαίων
452 2753 574 2840 ἤρξατο
604 2753 743 2837 κάμνειν
770 2751 915 2838 φάλαγξ,
946 2740 1001 2816 οἷα
1033 2747 1089 2813 διὰ

79 2869 200 2930 πολλοῦ
227 2873 287 2929 τοῦ
314 2861 434 2946 μεταξὺ
457 2863 582 2947 χρόνον
605 2861 677 2924 τότε
701 2870 832 2944 πρῶτον
854 2851 1089 2942 ἠναγκασμένη
1162 2907 1164 2912 .

81 2969 203 3052 ὁμιλεῖν
234 2966 377 3057 πολέμῳ.
430 2975 529 3034 τοῦτο
562 2967 712 3032 συνιδὼν
736 2963 908 3041 Ἀκύλλιος
939 2960 1089 3028 ἐκέλευσε
1104 3000 1130 3039 25

81 3079 154 3154 τοὺς
180 3075 325 3160 ἀκμῆτας
352 3077 399 3139 ἔτι
426 3073 481 3140 καὶ
512 3076 560 3150 είς
585 3073 666 3138 αὐτὸ
694 3081 792 3139 τοῦτο
821 3066 1092 3156 φυλαττομένους

149 3300 319 3370 4Ἀτράτιον
338 3300 391 3354 ΑΒ
464 3299 561 3424 ’ίτδνὶ
579 3309 635 3355 τῶν
653 3301 678 3353 Α
756 3305 789 3352 12
810 3295 984 3372 <ἀ>ράντων
1002 3296 1026 3349 Β
1045 3313 1094 3366 ση-

83 3377 144 3438 μεῖα
162 3373 290 3442 ἀράντων
310 3371 333 3426 Ο
421 3377 454 3425 14
472 3388 523 3440 pro
562 3379 630 3442 γχοῖι
651 3369 832 3425 scribendum
850 3386 912 3424 esse
930 3369 1050 3438 πλησίον
1069 3387 1092 3425 ο.

83 3439 169 3497 Krebs
186 3441 463 3513 Praepositionsadv.
483 3443 495 3496 I
513 3444 608 3514 (1884)
624 3462 651 3513 p.
668 3447 701 3497 13
776 3447 808 3496 17
828 3441 878 3496 καλ
896 3443 963 3494 παῖε
981 3448 1093 3510 πρῶτον

84 3529 108 3567 v.
123 3519 155 3568 15
174 3514 369 3570 collocandum
388 3530 449 3569 οεεε
467 3530 491 3568 ο.
507 3513 630 3583 Sylburg
702 3519 737 3569 20
755 3505 791 3581 ἦν
812 3529 898 3583 supra
915 3511 965 3567 lin.
984 3511 1007 3566 Β
