2674 3978
181 225 223 291 76
605 232 767 281 -Z-

180 394 346 477 ναιότεροι
364 389 419 458 καὶ
437 391 499 457 οὐκ
517 391 743 476 ἀγαπήσαντες
762 391 842 458 αάιὸ
861 392 899 456 τὸ
919 394 988 476 ζῆν,
1006 392 1038 456 εί
1053 394 1098 477 μὴ
1116 392 1199 477 μετὰ
1322 400 1323 428 ¹

181 499 310 564 τούτων
336 495 487 582 ἐμέλλετε
513 509 581 564 τῶν
608 497 747 582 ἀγαθῶν
774 499 976 584 βιώσεσθαι,
1004 499 1062 576 τὰς
1088 499 1198 584 ψυχὰς
1323 574 1324 578 ¹

181 605 224 671 ἀν
246 609 408 692 πρότερον
431 604 451 689 ἢ
475 603 567 671 ταῦτ’
594 602 796 691 ἀφῃρέθητε,
824 604 859 670 οί
879 599 940 688 μέν
963 605 1079 689 εὐθύς,
1107 605 1142 670 οἱ
1162 603 1195 670 δ’

146 712 243 780 ὅούκ
273 714 320 790 είς
349 711 488 797 μακρόν.
540 715 576 776 τί
602 712 664 794 γὰρ
697 710 739 775 ἀν
768 713 806 777 τὸ
835 714 989 776 κωλῦσον
1017 705 1061 795 ἦν
1092 711 1200 790 οὕτως

155 820 326 904 ταίσχρῶς
347 814 403 882 καί
425 827 532 894 κακῶς
550 819 707 902 Μαρκίαν
725 818 823 883 τοῦδε
843 815 1116 903 ἀναρπασθέντος
1134 818 1200 883 ώσ-

181 947 242 1009 περ
267 923 303 989 έν
327 923 446 1011 ἐρημίᾳ
467 917 549 1009 κάμέ
571 925 652 1009 μετδι
674 934 794 991 τοῦτον
823 922 1031 989 ἀπολωλέναι
1059 927 1200 990 διασπα-

183 1029 308 1096 σθέντα
337 1030 402 1096 ὑπὸ
432 1040 499 1096 τῶν
530 1029 680 1116 ἐχθρῶν,
709 1029 764 1096 καὶ
793 1031 934 1113 πάντας,
967 1030 1039 1096 ὅσοι
1069 1027 1197 1097 πώποτ’

182 1138 455 1221 ἠναντιώθησαν,
481 1134 536 1203 καὶ
564 1138 601 1203 τὸ
629 1139 748 1204 λοιπὸν
775 1139 915 1222 ἔμελλον
936 1136 1201 1203 ἐναντιώσεσθαι

182 1254 254 1320 ταῖς
282 1247 486 1330 παρανόμοις
516 1243 709 1328 ἐπιθυμίαις
738 1254 798 1311 τοῦ
831 1245 954 1328 δήμους
990 1243 1031 1309 οὐ
1062 1245 1125 1328 γὰρ
1156 1243 1200 1309 ἀν

142 1373 169 1413 10
182 1347 331 1435 ἠρκέσθη
355 1354 432 1428 τοὺς
455 1351 517 1417 δύο
541 1354 666 1436 μόνους
687 1351 772 1435 ἡμᾶς
795 1350 946 1417 ἐκποδών
966 1351 1201 1436 ποιησόμενος,

183 1455 263 1523 οὐδὲ
281 1455 380 1543 μέχρι
395 1453 486 1544 δεῦρ’
510 1456 620 1523 έλθὼν
640 1457 762 1541 ἀπέστη
783 1467 840 1542 τῆς
857 1462 1075 1544 παρανομίας,
1098 1459 1130 1522 εί
1147 1459 1275 1524 δεῑιλισ

184 1566 224 1630 τὰ
250 1562 415 1649 μέλλοντα
442 1567 677 1650 τεκμαίρεσθαι
706 1575 776 1642 τοῖς
807 1567 1001 1649 γεγονόσιν,
1032 1561 1106 1630 ἀλλ’
1137 1562 1197 1649 ἀφ’

183 1671 277 1756 ἡμῶν
296 1669 478 1757 ἀρξόμενος
495 1671 583 1735 ἀπαν
597 1672 634 1736 τὸ
653 1669 835 1736 ἀντίπαλον
853 1669 908 1737 καὶ
922 1671 967 1756 μὴ
982 1666 1074 1737 εἶκον
1088 1671 1200 1757 ὥσπερ

182 1776 381 1864 χειμάρρους
409 1779 514 1854 πολὺς
542 1775 695 1861 ἐμπεσὼν
723 1775 910 1864 παρέσυρεν
942 1777 984 1843 ἀν
1013 1774 1069 1842 καὶ
1102 1779 1201 1859 κατή-

144 1903 170 1945 15
183 1906 318 1967 νεγκεν,
346 1879 416 1948 οὔτ’
448 1883 616 1966 εὐγενείας
643 1885 841 1969 φειδόμενος
868 1881 937 1950 οὔτ’
971 1882 1089 1970 ἀρετῆς
1118 1881 1197 1949 οὔθ’

183 1991 320 2076 ἡλικίας.

250 2097 302 2163 LI.
345 2097 473 2173 Ταύτας
503 2096 584 2180 ὑμῖν
613 2096 631 2162 δ
659 2097 779 2180 δῆμος,
811 2091 837 2160 ώ
865 2099 987 2182 βουλή,
1014 2097 1071 2174 τὰς
1098 2098 1202 2174 καλὰς

184 2204 325 2289 ἀμοιβὰς
345 2202 425 2269 ἀνθ’
448 2197 495 2268 ών
514 2206 640 2269 ἔπαθεν
658 2201 840 2288 <ἀγαθῶν>
859 2208 994 2269 πολλῶν
1017 2205 1125 2268 όντων
1145 2201 1201 2268 καὶ

184 2311 337 2395 μεγάλων
369 2312 426 2388 τὰς
458 2307 520 2394 μέν
552 2308 722 2375 ἀπέδωκεν
752 2311 833 2394 ἥδη,
864 2310 922 2387 τὰς
949 2307 979 2374 δ’
1012 2309 1202 2375 ἀποδώσειν

146 2437 173 2476 ιο
186 2419 338 2501 ἔμελλεν,
365 2418 397 2481 εί
423 2418 467 2501 μὴ
494 2419 532 2482 τὸ
560 2421 714 2482 κωλῦσον
743 2412 821 2501 παρ’
847 2415 932 2500 ὑμᾶς
955 2414 1095 2499 ἐγένετο.
1142 2417 1201 2500 ἀγε

186 2525 227 2608 δὴ
251 2532 316 2589 νῦν
339 2521 474 2588 κάκεῖνα
502 2521 716 2607 ἐνθυμήθητε
739 2523 856 2606 πάλιν,
885 2522 906 2588 δ
934 2525 1015 2607 μετὰ
1041 2533 1140 2589 τοῦτο
1163 2525 1202 2589 τὸ

185 2639 343 2714 γενναῖον
366 2625 420 2694 καὶ
445 2639 581 2714 σῶφρον
599 2629 695 2712 ὑμῶν
714 2631 813 2715 ἔργον
833 2630 984 2716 ἔδρασεν,
1007 2630 1063 2695 ἵνα
1084 2640 1203 2712 γνῶτε,

149 2740 171 2804 2
186 2738 301 2804 ὅντινα
319 2737 381 2822 χρὴ
400 2737 526 2820 τρόπον
544 2734 632 2822 αὐτῷ
649 2732 908 2821 προσφέρεσθαι.
946 2735 1071 2812 ἐκεῖνος
1084 2739 1203 2801 τοίνυν

185 2845 230 2922 ὡς
258 2847 383 2929 ἔμαθεν
411 2841 496 2925 ὑμᾶς
529 2838 638 2907 οὐκέτι
668 2839 830 2932 φέροντας
861 2842 965 2908 αὐτοῦ
997 2843 1059 2927 τὴν
1090 2841 1202 2928 ὕβριν,

258 3077 272 3125 1
293 3071 345 3151 οὐκ
363 3067 400 3123 ἀν
419 3086 441 3122 ο,
460 3066 605 3138 Kiessling
629 3069 634 3132 Ι
659 3068 729 3138 μετὰ
746 3068 781 3123 τδι
799 3069 905 3124 τούτων
922 3069 946 3122 Β
964 3068 1051 3123 verba
1069 3084 1170 3138 corrup
1170 3071 1205 3123 λε,

186 3159 248 3196 osse
266 3143 296 3195 et
314 3140 355 3194 sio
373 3139 486 3194 restitui
504 3156 587 3208 posse
606 3142 638 3194 ut
656 3139 807 3195 scribatur.
827 3139 939 3194 ἀλλὰ
910 3160 960 3202 τοις
973 3139 1068 3210 ψογδις
1081 3138 1118 3194 ἂν
1131 3139 1203 3209 πρό-

185 3232 267 3282 τερον
285 3210 437 3282 προέμενοι
455 3207 473 3280 ἢ
492 3219 589 3278 ταῦτα,
614 3210 760 3304 ἀνήρκσθε
779 3211 825 3278 ἀν,
845 3210 874 3266 οἱ
890 3210 941 3281 μὲν
960 3228 1018 3280 eqs
1038 3227 1060 3264 ο.
1076 3210 1201 3266 Sintenis

186 3283 247 3339 Em.
266 3282 346 3339 Dion.
366 3283 453 3336 11121
546 3288 579 3337 14
597 3268 684 3345 πολνς
706 3282 762 3338 del.
781 3252 870 3337 (δόλιοι
889 3282 1075 3351 Obs.p146
1168 3289 1202 3337 18

186 3352 280 3409 ἔπαθε
298 3353 361 3425 (sic)
378 3355 498 3422 ἀγαθῶν
521 3357 631 3408 πολλῶν
655 3372 677 3407 ο.
697 3351 841 3422 Kiessling
864 3352 898 3408 es.
917 3353 1013 3421 Tegge
1032 3353 1147 3419 Quaest.
1167 3353 1202 3407 de

184 3443 239 3553 121311
239 3422 466 3572 ugraep<p>9leff
482 3422 592 3565 ῗπαθεν
607 3426 658 3479 aut
642 3422 783 3548 ἔπαξεν
797 3425 917 3493 ἀγαθῶν
931 3428 1040 3478 πολλῶν
1055 3423 1171 3478 Cobet]
1182 3423 1202 3479 1.

276 3503 337 3552 κεῖν
361 3517 376 3552 ο
514 3515 584 3566 μετα
601 3495 707 3550 τούτων
