2674 3978
66 261 220 326 ·4o
601 264 763 312 -z-

176 427 299 510 μανίαν
326 419 354 490 τ’
381 420 568 508 ἀπέφαινον
596 421 699 488 αὐτοῦ
724 423 786 506 την
809 422 1019 506 συμβουλήν,
1046 419 1088 487 οὐ
1109 441 1194 507 παρ-

176 534 297 617 ρησίαν
330 525 410 596 ούδέ
441 528 647 615 ἐλευθερίαν.
697 530 803 615 βραχὺ
835 523 898 612 μὲν
930 522 993 593 οὖν
1024 537 1122 594 τοῦτο
1155 529 1194 593 τὸ

176 635 274 724 μέρος
296 633 351 702 καὶ
374 632 515 714 ἀσθενές
538 635 578 700 δν
596 640 809 721 περιεωθεῖτο
833 634 898 700 ὑπὸ
917 641 978 699 τού
995 632 1196 720 βιαιοτέρου.

142 749 281 814 3ταύτα
304 738 335 809 δ’
359 743 500 828 ὁρῶντες
523 741 558 806 οί
579 741 754 827 δήμαρχοι·
782 747 935 825 παρῆσαν
958 740 1022 824 γάρ
1044 749 1090 830 τῷ
1114 756 1195 806 συν-

149 853 279 939 εεδρίιμ
306 845 575 935 παρακληθέντες
596 847 662 913 ὑπὸ
685 845 922 912 τῶνιὺπάτων·
951 845 1059 929 ἐβόων
1082 869 1116 911 τε
1139 843 1195 911 καί

176 960 341 1042 ἤσπαιρον
368 951 424 1020 καὶ
451 955 510 1019 τὸν
532 952 690 1039 Μάρκιον
716 958 869 1036 λυμεῶνα
891 949 945 1017 καλ
970 954 1114 1038 ὄλεθρον
1137 960 1196 1036 τῆς

176 1066 303 1139 πόλεως
326 1060 514 1126 ἀπεκάλουν
536 1062 705 1145 πονηροὺς
724 1057 888 1137 διεξιόντα
905 1059 988 1124 κατὰ
1005 1066 1066 1124 τοῦ
1085 1058 1194 1142 δήμου

177 1172 308 1253 λόγους,
331 1165 386 1234 καὶ
408 1168 440 1232 εί
461 1167 505 1250 μη
528 1166 714 1231 κωλύσειαν
737 1165 840 1231 αὐτὸν
863 1165 899 1230 οί
913 1167 1079 1251 πατρίκιοι
1096 1167 1195 1230 πόλε-

177 1299 242 1360 μον
266 1273 428 1360 ἐμφύλιον
450 1274 498 1349 είς
519 1272 580 1356 τὴν
603 1275 701 1338 πόλιν
725 1271 901 1354 εἰσάγοντα
919 1271 1055 1360 θανάτῳ
1076 1270 1195 1354 ζημιώ-
1307 1324 1311 1330 .

138 1353 295 1468 ,4,σαντες
316 1379 337 1464 ἢ
360 1387 462 1465 φυγῇ,
485 1375 580 1444 αὐτοὶ
598 1378 750 1460 ποιήσειν
768 1373 857 1443 τοῦτ’
880 1379 1005 1460 ἐλεγον.
1039 1377 1274 1463 θορύβουι3το

177 1483 208 1553 δ’
235 1488 283 1551 ἔτι
310 1489 463 1562 πλείονος
490 1481 544 1550 ἐπὶ
570 1494 640 1561 τοῖς
667 1487 779 1567 λόγοις
806 1493 873 1549 των
897 1483 1077 1569 δημάρχων
1098 1505 1195 1566 γενο-

177 1591 293 1678 μένου,
315 1589 370 1657 καλ
393 1585 522 1674 μάλιστ’
545 1588 581 1655 ἐκ
603 1601 670 1655 τῶν
693 1588 866 1680 νεωτέρων
885 1590 942 1666 τὰς
959 1587 1095 1666 ἀπειλὰς
1113 1589 1195 1654 δυσ-

178 1699 450 1785 ανασχετούντων
480 1693 638 1783 ἐπαρθεὶς
664 1697 795 1774 τούτοις
821 1696 840 1762 ό
867 1695 1021 1782 Μάρκιος
1048 1692 1194 1760 αὐθαδέ-

180 1822 298 1892 στερον
320 1805 385 1888 ἤδη
409 1806 594 1888 καθηπτετο
613 1813 681 1868 τῶν
699 1805 877 1890 δημαρχων
895 1799 951 1867 καὶ
969 1803 1195 1887 θρασύτερον*

138 1933 164 1973 15
178 1913 223 1976 Εί
244 1911 288 1996 μὴ
307 1911 476 1976 παύσεσθε
494 1907 620 1994 μέντοι,
642 1907 761 1994 λέγων,
783 1908 998 1993 ταράττοντες
1015 1909 1076 1992 τὴν
1094 1910 1195 1973 πόλιν
1281 1929 1285 1934 ·

177 2017 273 2102 ὑμεῖς
295 2013 351 2082 καί
369 2014 681 2100 ἐκδημαγωγοῦντες
699 2017 777 2091 τοὺς
796 2013 953 2101 ἀπόρους,
977 2013 1086 2080 οὐκέτι
1104 2018 1195 2104 λόγῳ

179 2125 347 2207 διοίσομαι
370 2123 452 2208 πρὸς
475 2123 575 2206 ὑμᾶς,
598 2117 671 2187 ἀλλ’
693 2123 789 2211 ἔργον.

244 2229 363 2295 XXVI.
393 2225 618 2315 Ἠγριωμένης
640 2223 679 2292 δέ
701 2236 758 2312 τῆς
780 2230 919 2312 βουλῆς,
942 2227 987 2304 ὡς
1010 2229 1139 2311 ἔμαθον
1163 2227 1199 2291 ολ

179 2337 343 2421 δήμαρχοι
369 2338 504 2412 πλείους
531 2336 629 2411 ὄντας
654 2335 734 2411 τοὺς
760 2332 985 2418 βουλομένους
1010 2333 1197 2418 ἀφελέσθαι

137 2441 240 2525 ωτην
271 2442 432 2507 δοθεῖσαν
461 2440 616 2520 ἐξουσίαν
645 2449 690 2528 τῷ
720 2440 815 2528 δήμω
844 2450 911 2505 τῶν
941 2437 1094 2524 ἐμμένειν
1122 2452 1197 2519 ταῖς

180 2547 371 2632 ὁμολογίαις
393 2544 589 2630 ἀξιούντων,
612 2544 793 2633 ἐξέδραμον
815 2545 851 2611 ἐκ
874 2553 934 2612 τοῦ
954 2550 1197 2634 βουλευτηρίου

178 2654 374 2740 κεκραγότες
395 2650 451 2717 καὶ
472 2654 576 2730 θεοὺς
593 2655 672 2730 τοὺς
689 2653 823 2740 ὁρκίους
841 2651 1103 2737 ἐπικαλούμενοι.
1139 2653 1197 2719 καλ

160 2762 260 2846 ,μετά
279 2769 376 2827 τούτο
397 2761 641 2843 συναγαγόντες
660 2761 708 2838 είς
726 2759 902 2843 ἐκκλησίαν
919 2761 979 2825 τὸν
999 2761 1106 2845 δῆμον
1121 2759 1197 2846 ἐδή-

180 2873 292 2934 λωσαν
319 2867 408 2956 αὐτῷ
436 2870 513 2944 τοὺς
541 2865 578 2932 έν
604 2875 643 2952 τῇ
671 2870 776 2951 βουλῇ
800 2864 965 2952 ῥηθέντας
987 2869 1108 2951 λόγους
1130 2867 1197 2934 ὑπὸ

141 2993 167 3034 νε
180 2983 241 3040 τού
263 2977 436 3058 Μαρκίου,
463 2971 519 3040 καὶ
546 2976 605 3039 τὸν
632 2974 739 3058 ἀνδρα
765 2974 814 3050 είς
836 2971 1020 3056 ἀπολογίαν
1044 2972 1196 3039 ἐκάλουν.
1327 2971 1328 2986 ’

145 3080 227 3156 2ὡς
255 3076 285 3144 δ’
313 3080 354 3146 ού
380 3090 555 3167 προσεῖχεν
583 3080 710 3163 αὐτοῖς,
737 3079 821 3145 ἀλλά
844 3076 899 3144 καί
921 3082 1000 3157 τοὺς
1021 3077 1198 3165 ὑπηρέτας,

180 3182 238 3270 ὑφ’
268 3179 315 3250 ὧν
344 3183 506 3269 ἐκαλεῖτο,
532 3189 784 3272 προπηλακίζων
811 3194 880 3261 τοῖς
902 3187 1014 3269 λόγοις
1036 3184 1199 3272 ἀνεῖρξεν,

254 3373 341 3430 κείν
356 3393 440 3446 supra
453 3375 503 3430 lin.
519 3377 583 3432 add.
598 3394 616 3431 ε.
629 3394 703 3431 man.
718 3376 871 3447 prioreB¹
901 3373 981 3450 Βόν]
998 3377 1046 3432 καλ
1061 3379 1083 3432 Β
1100 3380 1104 3447 Ι
1120 3397 1198 3447 περι-

181 3447 330 3502 ωθεῖτοΒ
403 3453 436 3501 12
460 3447 577 3518 μάλιστα
596 3447 631 3502 0
693 3453 725 3502 16
749 3449 1022 3520 δημαγωγούντεςΒ
1096 3455 1131 3503 22
1151 3445 1199 3504 ἐκ·

181 3518 352 3588 καλούμενοι
370 3518 393 3573 0
412 3521 524 3588 praeter
541 3519 565 3571 B
