2660 3976
176 202 240 268 156
598 205 765 254 -Η-

175 365 192 432 ὁ
211 367 325 451 νόμος,
346 363 471 452 ἐχθρὸν
484 360 571 431 εἶναι
589 372 634 453 τῷ
653 363 813 449 δράσαντι
831 365 868 428 τὸ
887 364 1057 440 πεπονθὸς
1074 373 1197 440 κακῶς.

139 472 226 538 2ότι
249 469 279 537 δ’
303 471 345 538 ού
367 473 448 557 μετδι
468 477 631 556 λογισμοῦ
649 472 823 557 σώφρονος
842 469 1007 554 ἐξετάζεις,
1031 469 1091 546 οὓς
1108 468 1198 555 ἀμύ-

175 581 300 644 νεσθαί
318 603 354 644 τε
376 576 432 645 καὶ
450 581 672 663 τιμωρεῖσθαί
690 593 743 644 σοι
761 585 939 661 προσῆκεν,
963 572 1042 642 ούδέ
1061 576 1198 661 μετριά·

177 687 241 764 ζεις
270 684 347 771 περὶ
378 687 439 770 τὴν
472 683 656 770 ἀνάπραξιν
688 693 745 769 τῆς
774 685 886 769 δίκης,
915 679 986 749 ἀλλ’
1019 685 1054 749 ἐν
1083 681 1197 770 ταύτῷ

149 796 308 858 ετίθεσαι
334 791 374 856 τά
400 788 428 856 τ’
456 790 588 857 ἀναίτια
614 803 683 868 τοῖς
710 793 828 868 αἰτίοις
854 788 910 856 καὶ
937 790 977 855 τά
1004 791 1100 875 φίλια
1122 799 1198 866 τοῖς

94 935 96 940 -
175 901 362 983 πολεμίοις,
388 901 514 982 νόμους
538 921 574 964 τε
596 909 699 975 κινεῖς
721 898 853 984 φύσεως
875 897 1052 980 ἀκινήτους
1074 892 1130 961 καὶ
1152 896 1198 960 τά

175 1005 259 1088 πρὸς
280 1006 358 1080 τοὺς
379 1006 483 1081 θεοὺς
504 1004 737 1089 συνταράττεις
760 1003 847 1086 ὅσια,
869 1001 925 1068 καὶ
948 998 1028 1068 οὐδὲ
1052 1003 1198 1068 σεαυτὸν

177 1109 210 1188 ἐξ
234 1104 282 1176 ὧν
304 1132 339 1176 τε
360 1108 416 1175 καὶ
438 1109 528 1188 ὅστις
545 1113 627 1196 ἔφυς
645 1112 693 1176 ἐτι
712 1108 886 1195 μέμνησαι,
908 1117 1008 1175 τοῦτο
1025 1109 1199 1194 τεθαυμά-

141 1221 162 1285 3
176 1239 291 1300 καμεν.
322 1214 447 1300 ἥκομέν
459 1213 488 1281 τ’
505 1215 743 1294 ἀποσταλέντες
755 1215 821 1282 ὑπὸ
834 1225 896 1282 τοῦ
908 1226 1026 1282 κοινοῦ
1039 1212 1199 1302 πρέσβεις

137 1343 163 1384 ιο
178 1323 213 1388 οί
231 1319 436 1408 προύχοντες
456 1323 569 1410 ἡλικίη
590 1333 657 1388 τῶν
679 1325 862 1408 πατρικίων
880 1319 935 1387 καὶ
957 1319 1034 1406 περὶ
1057 1317 1094 1386 σὲ
1112 1342 1198 1407 προ-

176 1430 361 1512 θυμότατοι
392 1425 596 1512 μεμιγμένην
628 1426 785 1513 φέροντες
818 1429 1047 1510 δικαιολογίαν
1076 1447 1198 1513 παραι-

177 1536 280 1617 τησει,
298 1531 355 1598 καὶ
373 1530 425 1618 ἐφ’
443 1525 495 1610 οἷς
513 1532 669 1618 ἀξιοῦμέν
687 1551 725 1600 σε
744 1535 963 1601 διαλύσεσθαι
981 1535 1042 1618 τὴν
1056 1537 1282 1622 ἐγθραν,1553

177 1643 260 1725 πρὸς
290 1642 350 1706 τὸν
383 1641 490 1724 δῆμον
517 1639 793 1725 ἀπαγγελοῦντες·
824 1643 907 1726 πρὸς
937 1637 975 1705 δὲ
1001 1641 1146 1724 τούτοις,
1176 1641 1199 1706 ἃ

125 1763 127 1770 ·
179 1748 356 1830 νομίζομεν
374 1742 462 1812 είναι
479 1745 639 1812 κάλλιστα
660 1745 716 1812 καὶ
739 1745 981 1832 συμφορώτατά
1005 1761 1070 1831 σοι,
1093 1757 1199 1814 ταῦτα

139 1871 165 1914 ιε
178 1850 442 1938 παραινέσοντες.

245 1958 386 2024 ΧΧΠΠ.
410 1955 551 2046 ’Λρχέτω
570 1956 638 2025 δ’ὁ
656 1957 813 2044 περὶτῶν
827 1960 966 2025 δικαίων
980 1962 1088 2042 λόγος.
1117 1977 1199 2026 συν-

179 2063 256 2150 ἐστη
283 2068 320 2132 τὸ
349 2067 529 2151 δημοτικὸν
556 2064 610 2132 ἐπὶ
637 2063 691 2131 σοὶ
717 2061 931 2151 παροξυνθὲν
958 2065 1024 2132 ὑπὸ
1046 2076 1115 2132 τῶν
1139 2068 1199 2150 δη-

179 2171 331 2258 μάρχων,
357 2170 413 2238 καὶ
439 2167 523 2256 ἧκον
550 2172 594 2249 ὡς
621 2170 879 2249 ἀποκτενοῦντές
901 2189 938 2238 σε
966 2173 1119 2259 άκριτον,
1147 2165 1200 2250 οἷς

60 2277 61 2282 ’
179 2281 322 2363 φοβερὸς
344 2274 444 2362 ἦσθα.
488 2287 586 2345 τοῦτο
609 2281 650 2345 ’τὸ
678 2281 779 2366 ἔργον
806 2277 1019 2364 ἐκωλύσαμεν
1046 2279 1141 2364 ἡμεῖς
1164 2281 1202 2345 οί

140 2404 166 2444 ιο
181 2383 217 2450 ἐκ
239 2393 299 2451 τοῦ
322 2387 502 2471 συνεδρίου
518 2383 574 2451 καὶ
592 2383 800 2472 παρέσχομέν
824 2402 877 2453 σοι
900 2383 1021 2470 μηθέν,
1044 2385 1127 2470 δμὴ
1147 2387 1198 2451 δί-

179 2514 276 2557 καιον
298 2485 341 2575 ἦν
368 2493 441 2557 τότε
468 2497 601 2558 παθείν.
646 2491 726 2577 μετά
753 2501 852 2558 τοῦτο
879 2490 1131 2572 προύκαλοῦντό
1160 2509 1198 2558 σε

180 2599 216 2664 οί
236 2596 444 2675 κωλυθέντες
470 2597 602 2664 ἀνελεῖν
626 2596 679 2664 ἐπὶ
702 2600 816 2683 δίκην,
844 2597 1072 2683 αἰτιασάμενοι
1094 2609 1199 2683 πουη·

144 2707 166 2772 2
181 2709 262 2791 ροὺς
274 2702 343 2770 κατ’
362 2704 472 2770 αὐτῶν
490 2707 595 2770 είπείν
614 2703 652 2771 ἐν
669 2712 708 2790 τῇ
727 2708 833 2790 βουλῇ
852 2706 981 2787 λόγους.
1018 2702 1200 2790 ἐνέστημεν

179 2810 341 2898 καὶπρὸς
361 2821 476 2895 τοῦτο,
499 2812 544 2888 ὡς
565 2806 666 2877 οἶσθα
673 2859 683 2896 ,
709 2809 765 2877 καὶ
787 2810 850 2876 ούκ
872 2808 1098 2896 ἐπετρέψαμεν
1122 2813 1199 2878 οὔτε

140 2935 167 2978 ει
181 2920 314 3003 γνώμης
341 2918 417 2984 ούτε
443 2919 555 3002 λόγων
577 2916 736 3004 ὑποσχεῖν
763 2933 801 2982 σε
829 2918 931 2994 δίκας.
976 2915 1201 3004 ἀποτυχόντες

253 3153 367 3216 2σωφρ
370 3141 440 3209 όνως
456 3145 505 3199 Ba
581 3142 779 3214 3*προςήκει
798 3143 820 3198 0
840 3143 949 3199 correxi
1027 3145 1156 3219 όταύτῷ
1174 3146 1201 3200 Α

181 3222 219 3288 τῷ
238 3217 312 3288 αύτῶ
331 3219 356 3270 R
442 3222 474 3270 12
495 3214 681 3271 διαλύσεσθαι
698 3214 746 3269 Ba
764 3214 955 3270 διαλύσασθαι
973 3214 999 3267 R
1092 3223 1125 3272 13
1138 3200 1201 3272 ἀπ-

182 3290 379 3356 αγγελλούντες
396 3287 446 3342 Ba
473 3286 692 3357 ἀπεγγελούντες
715 3286 763 3341 Bb
791 3284 1013 3356 ἀπαγγέλλοντες
1030 3285 1056 3338 R
1167 3294 1201 3343 14

182 3361 331 3463 νομιζομεν
348 3393 396 3446 Ba
468 3398 501 3448 18
520 3387 603 3464 ηνον]
622 3393 776 3462 άπῆγονο,
795 3389 940 3462 Kiessling
1012 3398 1045 3446 22
1065 3387 1114 3448 ἐπὶ
1133 3395 1200 3464 δίκη

183 3464 347 3520 Ocorr.t
315 3463 474 3533 Stephanus
