2660 3976
609 215 777 266 „fl-

183 374 294 458 αὐτοί,
316 371 410 440 τάδ’
433 371 576 441 ἐπὶτῶν
598 375 788 458 ὑποζυγίων
810 377 918 442 πολὺν
940 374 1203 460 ἡναγκάσθησαν

185 483 357 568 διατρῖψαι
375 484 508 566 χρόνον.

249 587 375 654 XVIII.
400 584 435 651 Ὁ
460 585 498 652 δὲ
520 589 714 673 στρατηγός,
735 586 850 672 ἐπειδὴ
873 588 913 654 τὰ
936 587 1070 672 σώματα
1089 584 1146 652 καλ
1164 588 1205 654 τά

184 696 333 780 χρήματα
355 693 463 760 πάντα
486 692 728 778 ἐξεκεκόμιστο,
753 696 814 778 τὴν
836 696 935 759 πόλιν
958 695 1083 780 ἔρημον
1105 715 1206 760 κατα-

157 801 292 867 ιλιπδον
315 798 420 884 ἀπῆγε
442 800 504 884 τὴν
528 800 673 884 δύναμιν
697 798 750 866 ἐπὶ
772 805 894 867 Βῶλαν
912 799 1114 884 <Λατίνων>
1138 797 1206 866 ἑτέ-

185 931 249 992 ραν
275 909 383 972 πόλιν.
429 907 547 990 ἔτυχον
575 901 613 972 δὲ
638 903 695 972 καὶ
721 907 758 973 οί
777 905 932 973 Βωλανοὶ
958 907 1207 992 προεγνωκότες

185 1012 289 1078 αὐτοῦ
311 1012 373 1096 τὴν
396 1012 521 1096 ἔφοδον
543 1008 600 1078 καλ
617 1012 921 1100 παρεσκευασμένοι
938 1012 1046 1078 πάντα
1062 1012 1104 1077 τδι
1122 1013 1270 1098 πρὸςεοεο
1311 1057 1312 1140 ρ

185 1120 244 1184 τὸν
266 1117 380 1202 ἀγῶνα
403 1117 580 1204 ἐπιτήδεια.
617 1115 783 1204 ὁμὲν
744 1143 807 1186 ουν
825 1119 980 1204 Μάρκιος
1002 1117 1103 1196 ὡςέξ
1087 1118 1207 1204 ξέφό-
1311 1149 1312 1198 γ

186 1225 249 1290 δου
270 1226 333 1309 τὴν
355 1229 455 1292 πόλιν
479 1249 500 1290 α
502 1226 627 1311 ίρήσων
649 1227 733 1292 κατὰ
754 1227 862 1292 πολλά
885 1225 968 1312 μέρη
990 1233 1052 1291 τοῦ
1074 1228 1207 1310 τείχους

145 1351 172 1390 10
186 1329 329 1398 ἐποιεῖτο
350 1332 410 1409 τάς
430 1332 633 1417 προσβολάς·
664 1334 700 1398 οί
720 1329 757 1398 δὲ
779 1330 935 1400 Βωλανοὶ
956 1334 1207 1418 περιμείναντες
1311 1321 1312 1366 3

185 1439 303 1524 καιρὸν
326 1435 515 1522 ἐπιτήδειον
538 1436 713 1521 ἀνοίγουσι
735 1439 794 1516 τὰς
809 1440 930 1524 πύλας,
950 1436 1007 1504 καὶ
1025 1441 1207 1524 φερόμενοι

185 1545 268 1610 κατὰ
295 1548 426 1626 πλῆθος
448 1542 486 1609 έν
507 1542 596 1622 τάξει
618 1567 654 1609 τε
676 1542 733 1609 καὶ
753 1548 866 1634 κόσμςο
890 1545 1113 1632 συρράττουσι
1135 1555 1208 1621 τοῖς

185 1650 269 1714 κατά
292 1647 459 1734 μέτωπον,
486 1647 543 1714 καὶ
565 1653 709 1728 πολλοὺς
731 1651 842 1718 αὐτῶν
865 1650 1132 1737 ἀποκτείναντες,
1157 1654 1207 1718 ἔτι

186 1752 224 1820 δὲ
242 1759 377 1832 πλείους
394 1763 755 1841 κατατραυματίσαντες
770 1757 849 1834 τούς
862 1780 896 1822 τε
911 1760 1049 1835 λοιποὺς
1062 1759 1208 1844 αἰσχρῶς

146 1831 431 1946 Ξάναγκάσαντες
459 1873 580 1946 φυγείν
610 1861 816 1948 ἀνέστρεψαν
846 1865 892 1940 είς
917 1864 980 1947 τὴν
1006 1866 1116 1930 πόλιν.
1162 1864 1208 1942 ὡς

186 1966 217 2033 δ’
240 1970 326 2052 ἔγνω
350 1969 411 2052 τὴν
434 1967 560 2053 τροπὴν
582 1979 650 2035 τῶν
674 1967 900 2035 Οὐολούσκων
922 1969 940 2036 ὁ
963 1970 1130 2056 Μάρκιος·
1164 1971 1207 2036 οὐ

186 2075 249 2160 γάρ
274 2077 367 2158 ἔτυχε
390 2074 506 2159 παρὼν
530 2073 566 2139 έν
594 2067 621 2162 ᾧ
644 2078 755 2164 χωρίῳ
777 2077 816 2142 τὸ
838 2075 948 2152 πάθος
970 2073 1114 2160 ἐγένετο·
1145 2098 1207 2142 πα-

187 2190 250 2264 ρῆν
273 2183 337 2246 σὺν
360 2180 487 2264 ὀλίγοις
508 2182 591 2246 κατὰ
614 2183 766 2267 σπουδὴν
783 2178 840 2248 καὶ
858 2184 936 2258 τοὺς
954 2181 991 2248 ἐκ
1009 2191 1066 2266 τῆς
1082 2193 1207 2269 τροπῆς

187 2284 431 2364 σκεδασθέντας
462 2286 641 2371 ἀναλαβὼν
672 2292 848 2354 συνίστατο
876 2286 932 2354 καὶ
957 2288 1208 2376 παρεθάρρυνε,

147 2418 174 2460 ιο
186 2390 243 2458 καὶ
262 2392 374 2478 ἐπειδὴ
391 2391 589 2478 κατέστησεν
603 2396 650 2470 είς
663 2393 779 2478 τάξεις,
798 2393 986 2479 ὑποδείξας,
1004 2395 1026 2460 δ
1040 2396 1095 2460 δεῖ
1104 2397 1208 2481 πράτ-

186 2522 274 2583 τειν,
301 2496 451 2566 ἐκέλευσε
477 2500 701 2585 προσβάλλειν
727 2508 767 2586 τῇ
794 2503 889 2566 πόλει
916 2501 998 2566 κατὰ
1025 2502 1084 2579 τάς
1105 2501 1208 2580 αὐτάς

153 2607 304 2684 3πύλας.
348 2605 566 2693 χρησαμένων
595 2602 632 2670 δέ
654 2606 755 2672 πάλιν
777 2618 845 2672 τῶν
866 2611 1038 2674 Βωλανῶν
1059 2617 1099 2694 τῇ
1123 2608 1208 2695 αὐτῇ

188 2717 287 2802 πείρᾳ
314 2711 370 2779 καὶ
392 2713 475 2778 κατὰ
497 2717 627 2796 πλῆθος
650 2710 883 2798 ἐκδραμόντων
906 2713 948 2779 οὐ
971 2712 1126 2800 δέχονται
1149 2715 1209 2782 αὖ·
1278 2731 1280 2736 ’
1312 2763 1313 2799 ,

187 2824 288 2945 τοὺς
296 2821 332 2942 οί
353 2819 578 2902 Οὐολοῦσκοι,
611 2817 682 2884 ἀλλ’
714 2817 922 2902 ἐγκλίναντες
951 2823 1094 2906 ἔφευγον
1124 2823 1208 2888 κατὰ
1312 2817 1313 2876 Ῑ

216 3048 391 3111 1οιόλεις
410 3063 464 3103 om.
483 3047 508 3101 A
564 3043 700 3117 4έξεκόμ
701 3064 760 3102 ιστο
778 3045 858 3102 ABG
913 3052 1087 3103 ὅΒωλανῶν
1107 3043 1208 3120 έτέραν

191 3119 214 3174 0
233 3135 301 3173 corr
322 3117 446 3174 Sintenis
465 3117 526 3174 Em.
545 3118 625 3173 Dion.
643 3119 670 3173 II
684 3126 717 3174 29
736 3121 890 3189 praeeunte
909 3119 1024 3174 Reiskio
1080 3125 1095 3174 7
1115 3139 1209 3190 παρα-

190 3187 328 3258 σκευαομέ
329 3210 375 3245 νοι
388 3190 415 3244 A
431 3187 736 3262 παρ<εσ>κενασμενοι
754 3192 776 3244 Β
850 3195 884 3244 14
902 3192 1015 3253 πλείους
1032 3189 1139 3246 τούτων
1158 3211 1208 3245 κα-

189 3263 461 3330 τατραυματίσαντες
479 3260 503 3316 0
521 3263 603 3330 praet
590 3261 675 3316 terB
735 3267 768 3317 17
787 3262 877 3334 χωρία
897 3261 961 3316 add.
981 3261 1004 3314 B
1059 3268 1093 3316 19
1113 3262 1210 3317 *σνν-

191 3333 301 3385 ίοταται
318 3331 368 3385 καὶ
381 3331 404 3384 Β
420 3333 535 3386 σννίστα
549 3331 578 3386 τὲ
593 3332 642 3386 καὶ
655 3332 681 3385 Β
695 3333 842 3388 συνίστατο
857 3315 905 3386 καὶ
916 3349 972 3458 ego
987 3332 1022 3388 cf.
1032 3333 1077 3390 W.
1093 3332 1209 3387 Schmid

190 3400 357 3527 Atticisngus
382 3405 450 3457 tom
474 3403 550 3472 Hp.
575 3410 609 3458 26
637 3405 695 3459 not
719 3409 753 3458 47
835 3409 871 3459 24
898 3401 928 3459 οί
949 3403 1013 3459 εδδ.
1037 3403 1061 3456 Β
1086 3407 1091 3474 Ι
1119 3399 1211 3460 έ-κκλί

190 3491 290 3536 ναντες
