2660 3976
609 231 777 282 -H-

184 391 244 474 τὴν
271 389 347 477 περὶ
374 400 431 475 τῆς
458 388 638 467 ἐπιθέσεως
665 399 723 473 τῆς
751 387 1018 476 κατεψευσμένης
1047 389 1206 473 μήνυσιν.
1328 411 1329 432 ¹

150 497 293 566 3ἐδόκει
315 507 386 575 τοῖς
404 496 568 583 ἀνδράσιν
587 496 717 581 ἀληθὴς
733 491 821 563 είναι
839 498 857 564 δ
877 499 987 581 λόγος,
1010 493 1066 562 καὶ
1084 495 1206 561 αὐτίκα

184 603 204 688 ἡ
228 605 334 688 βουλὴ
361 601 431 670 κατ’
459 604 567 689 ἀνδρα
593 603 659 670 ὑπὸ
688 614 756 669 τῶν
777 603 915 670 ὑπάτων
937 608 1100 688 κληθεῖσα
1122 618 1206 667 συν-

185 720 281 795 ῆκτο,
308 707 364 774 καὶ
390 707 574 794 παραχθείς
597 709 615 775 δ
640 711 788 794 μηνυτὴς
810 711 888 786 τοὺς
911 708 1033 786 αύτούς
1055 703 1125 775 εἶπε
1147 705 1207 774 καὶ

159 819 268 902 επρὸς
298 815 428 899 ἐκείνην
457 816 497 880 τὰ
527 817 626 880 πιστά
658 817 772 900 λαβὼν
801 819 931 900 λόγους.
982 826 1052 892 τοῖς
1081 811 1119 880 δέ
1148 813 1206 880 καὶ

186 923 288 988 πάλαι
311 917 372 1006 μὲν
395 916 482 986 εἶναι
500 923 538 987 τὸ
561 931 697 1009 πρᾶγμα
717 922 826 989 ἐδόκει
848 925 970 1006 μεστὸν
987 921 1133 1001 ὑποψίας
1150 945 1206 987 το-
1328 935 1329 1004 ψ

188 1029 314 1112 σαύτην
335 1030 474 1111 νεότητα
502 1026 534 1105 ἐξ
564 1025 639 1106 ἑνὸς
666 1031 789 1106 ἔθνους
816 1031 982 1114 διαφόρου
1012 1031 1128 1113 σφίσιν
1151 1026 1207 1094 ἐπὶ
1328 1029 1329 1034 ’

187 1135 248 1218 την
274 1131 360 1199 θέαν
383 1140 582 1220 παρελθεῖν,
607 1137 861 1221 προσελθούσης
891 1131 929 1200 δέ
951 1135 1138 1219 μηνύσεως,
1165 1128 1207 1217 ἧς
1328 1151 1329 1156 ’

160 1243 250 1326 τὴν
277 1239 411 1326 ἀπάτηνΙ
432 1240 596 1325 ἠγνόουν,
629 1243 726 1326 ίσχύν
753 1245 891 1326 βεβαίαν
918 1241 939 1325 ἡ
968 1239 1049 1319 δόξα
1076 1241 1283 1324 ἒλαβεν,151ο
1328 1283 1329 1290 1

150 1371 176 1410 ιο
190 1346 298 1414 ἐδόκει
334 1344 370 1413 θ’
406 1349 530 1413 ἅπασιν
562 1346 781 1414 ἀπαλλάττειν
813 1351 892 1425 τοὺς
926 1349 1051 1433 ἀνδρας
1081 1345 1118 1412 ἐκ
1148 1355 1207 1430 τῆς
1328 1373 1329 1440 j

189 1457 316 1532 πόλεως
337 1453 418 1541 πρὶν
440 1455 538 1538 ἥλιον
561 1456 677 1538 δῦναι,
704 1467 774 1532 τοῖς
797 1451 835 1520 δέ
857 1457 901 1540 μη
925 1460 1113 1520 πεισθεῖσιν
1136 1453 1207 1519 ἐπι·
1328 1475 1329 1538 3

189 1561 328 1647 κηρύξαι
350 1562 511 1644 θάνατον,
535 1559 777 1646 ἐπιμεληθῆναι
801 1557 838 1626 δὲ
856 1569 915 1644 τῆς
935 1559 1125 1645 ἀπαλλαγῆς
1147 1559 1207 1626 αύ-

189 1679 273 1751 τῶν,
305 1669 361 1732 ἵνα
388 1665 490 1754 χωρὶς
515 1667 644 1753 ὕβρεως
672 1666 727 1733 καὶ
754 1664 823 1751 μετ’
855 1667 1037 1752 ἀσφαλείας
1063 1666 1208 1752 γένοιτο,

144 1773 149 1786 ’
190 1777 268 1851 τοὺς
290 1773 444 1852 ὑπάτους.

151 1900 176 1941 15
257 1880 335 1946 IIII.
377 1884 488 1945 Ταῦτα
514 1889 571 1964 τῆς
593 1884 717 1965 βουλῆς
738 1879 971 1966 ψηφισαμένης
994 1880 1030 1946 οί
1049 1875 1111 1964 μέν
1134 1877 1209 1961 ἐκή-
1270 1875 1273 1879 ’

191 2011 312 2073 ρυττον
336 1988 392 2052 διά
415 1998 481 2051 τῶν
505 1998 683 2052 στενωπῶν
707 1986 883 2066 διεξιόντες
905 1976 1209 2053 ἀπιέναιΟύολού-

193 2198 339 2278 ἐξιόντας
365 2200 475 2283 πύλην
498 2200 559 2282 τὴν
582 2197 792 2284 καλουμένην
815 2202 1009 2284 Καπυΐνην,
1036 2197 1142 2290 ἕτερον
1170 2194 1209 2263 δέ

192 2304 404 2390 παρέπεμπον
431 2308 510 2382 τοὺς
537 2303 846 2391 ἀπαλλαττομένους
874 2307 940 2391 ἀμα
967 2317 1036 2382 τοῖς
1058 2305 1209 2381 ὑπάτοις·

153 2435 180 2475 ιο
194 2414 278 2477 ἐνθα
297 2411 436 2495 μάλιστα
455 2413 568 2496 ὤφθη,
591 2411 673 2478 ὅσον
692 2412 802 2478 αὐτῶν
820 2415 858 2478 τὸ
876 2419 1006 2497 πλῆθος
1028 2407 1071 2496 ἧν
1089 2409 1211 2487 καλὼς

194 2517 335 2601 ἀκμαῖον
358 2519 446 2584 ἅπαν
469 2515 526 2603 ὑφ’
555 2517 614 2583 ἕνα
637 2521 755 2605 καιρὸν
773 2517 931 2584 καὶκατὰ
953 2522 1033 2603 μίαν
1052 2516 1210 2596 ἐξιόντων

193 2626 312 2709 πύλην.
357 2637 487 2710 πρῶτος
510 2622 540 2689 δ’
567 2625 677 2690 αὐτῶν
700 2626 719 2692 ό
747 2626 873 2702 Τύλλος
895 2622 982 2712 ἐξῄει
1006 2626 1062 2690 διδι
1084 2622 1211 2708 ταχέων

194 2729 250 2797 καὶ
271 2732 467 2815 καταλαβὼν
486 2731 527 2797 οὐ
545 2735 658 2817 πρόσω
677 2739 735 2816 τῆς
756 2734 883 2808 πόλεως
900 2734 1003 2798 τόπον
1023 2731 1213 2814 ἐπιτήδειον

159 2837 232 2908 2ἐν
259 2839 365 2927 τούτῳ
395 2840 474 2914 τοὺς
502 2837 725 2925 ὑστεροῦντας
751 2837 990 2923 ἀνελάμβανεν.
1036 2833 1213 2922 ἐπειδὴδὲ

156 2965 182 3007 τε
195 2945 315 3022 πάντες
328 2947 559 3030 συνήχθησαν,
573 2943 748 3030 ἐκκλησίαν
757 2945 980 3030 ποιησάμενος
992 2949 1099 3030 πολλῇ
1114 2961 1281 3012 κατα-1511

196 3055 258 3136 βοη
285 3059 343 3134 τῆς
360 3047 530 3135 Ῥωμαίων
556 3054 683 3129 πόλεως
711 3050 886 3137 ἐχρήσατο,
909 3051 1026 3134 δεινὴν
1049 3049 1104 3116 καὶ
1128 3050 1212 3136 ἀφό-

1328 3805 1329 3844 ι

1328 1795 1329 1834 ι

1328 1841 1329 1884 ι

1328 1893 1329 1950 λ

1328 2005 1329 2090 λ

192 2110 293 2171 σκους
316 2093 352 2159 ἐκ
374 2101 431 2177 τῆς
453 2095 581 2170 πόλεως
603 2092 720 2158 αὐτίκα
743 2095 831 2178 μάλα
853 2095 935 2160 κατὰ
958 2096 1038 2178 μίαν
1061 2093 1210 2168 ἅπαντας

1328 2901 1329 2940 ι

268 3214 284 3260 ό
307 3206 347 3270 εἰς
371 3202 482 3276 ἐκείνην
505 3208 530 3262 Α
620 3215 636 3264 8
655 3211 825 3279 προσελθεῖν
849 3207 871 3263 O
900 3211 1048 3263 συνελθεῖν
1071 3209 1118 3262 vel
1140 3227 1215 3280 παρ-

198 3281 293 3332 ελθεῖν
313 3277 435 3349 Sylburg
454 3276 549 3335 ἐλθεῖν
567 3278 711 3350 Kiessling
774 3287 807 3335 10
826 3281 889 3334 *τε
909 3278 1015 3334 ἀπασιν
1035 3279 1058 3334 0
1076 3299 1106 3334 τε
1125 3287 1215 3335 πᾶσιν

196 3347 340 3418 Kiessling
430 3356 463 3408 16
482 3352 600 3406 ἀπεῖναι
618 3350 641 3405 0
660 3349 777 3405 ἀπιέναι
796 3351 917 3421 Sylburg
1009 3358 1042 3406 18
1061 3351 1215 3422 Καπυΐνην

197 3423 320 3475 extremo
344 3435 426 3475 versu
449 3422 530 3477 addit
549 3424 570 3476 B
660 3427 694 3476 21
719 3421 808 3493 ἅπαν]
833 3420 967 3477 ἁπάντων
990 3439 1024 3490 ο.Ι
1038 3421 1128 3477 Cobet
1147 3422 1215 3478 Obs.

197 3510 226 3561 p.
242 3496 293 3546 153
309 3496 314 3561 Ι
329 3491 379 3546 καὶ
393 3492 447 3548 del.
464 3493 553 3548 Cobet
567 3493 585 3548 l.
600 3493 619 3548 l.
670 3501 703 3548 27
723 3492 834 3566 δεινὴν]
849 3491 888 3549 δι’
905 3491 941 3562 ἣν
955 3493 981 3547 A
996 3497 1001 3564 Ι
1017 3492 1216 3563 ἀπόρρητονΑ
