2586 3972
155 200 220 264 306
580 200 747 254 -Θ-

158 363 284 448 ἀγοράν
311 362 531 448 ποιησάμεναι
556 363 675 446 κοινὴν
697 365 905 448 κατηγόρουν
928 373 989 429 τοῦ
1014 363 1175 429 Οὐιεντα-

155 481 225 536 νῶν
249 473 383 555 ἔθνους,
405 468 457 534 ότι
480 471 539 536 τὸν
561 471 644 556 πρὸς
661 467 840 553 Ῥωμαίους
861 451 1008 554 πόλεμον
1032 469 1074 536 ού
1091 473 1176 554 μετὰ

156 585 270 660 κοινῆς
293 577 426 661 γνύμης
445 576 680 658 κατελύσαντο,
702 573 757 641 καὶ
775 577 871 641 θυεῖν
888 575 1033 662 θάτερον
1051 575 1176 654 αὐτοὺς

156 683 272 768 ἠξίουν
294 683 462 770 πράττειν,
485 682 506 766 ἢ
530 683 623 749 λύειν
645 684 686 747 τὰ
708 685 791 769 πρὸς
806 680 987 768 Ῥωμαίους
1010 683 1253 768 όμολογη-1792

120 772 260 885 Ρξθέντα
288 789 309 873 ἣ
336 794 494 873 πολεμεῖν
521 791 616 875 σφίσι
644 787 714 875 μετ’
741 788 887 856 ἐκείνων.
933 790 969 855 οί
994 787 1031 855 δὲ
1056 790 1175 856 Οὐιεν-

157 894 251 962 τανοὶ
274 904 333 980 τῆς
355 891 417 981 μέν
440 897 574 981 εἰρήνης
596 898 657 980 την
680 895 828 980 ἀνάγκην
848 892 1002 983 ᾐτιῶντο,
1026 896 1115 973 ὅπως
1139 894 1172 960 θ’

102 1013 105 1020 ’
158 1001 200 1068 ἀν
224 1002 328 1085 αὐτὴν
350 1003 591 1068 καταλύσαιντο
615 1001 785 1088 εὐπρεπῶς
808 1005 854 1080 είς
877 1005 994 1069 κοινὸν
1018 1002 1176 1069 ἐτίθεσαν

159 1119 304 1177 σκοπεῖν.
350 1111 461 1174 ἔπειτα
482 1109 682 1175 ὑποτίθεταί
701 1133 751 1186 τις
773 1109 886 1187 αὐτοῖς
910 1112 1056 1194 ἔγκλημα
1078 1131 1176 1194 ποιη-

159 1214 314 1301 σαμένοις
345 1218 405 1282 τὸν
435 1214 658 1302 ἐπιτειχισμὸν
687 1225 745 1300 τῆς
773 1214 945 1302 Κρεμέρας
975 1214 1031 1281 καὶ
1060 1219 1098 1282 τὸ
1128 1217 1175 1302 μὴ

119 1359 145 1397 10
158 1322 406 1390 ἀπανίστασθαι
437 1325 516 1399 τοὺς
546 1325 716 1408 φρουρούς
750 1320 804 1389 ἀπ’
837 1322 953 1407 αὐτῆς,
991 1325 1078 1412 λόγῳ
1111 1320 1176 1408 μὲν

158 1439 291 1514 πρῶτον
315 1428 431 1508 ἀξιοῦν
454 1427 575 1505 αὐτούς
598 1427 745 1494 ἐκλιπεῖν
767 1431 804 1494 τὸ
828 1433 962 1514 χωρίον,
986 1427 1044 1494 ἐάν
1067 1425 1106 1494 δέ
1128 1431 1176 1515 μὴ

157 1538 317 1618 πείθωσι,
344 1540 534 1620 πολιορκεῖν
561 1536 598 1600 τὸ
626 1534 807 1620 φρούριον,
834 1532 890 1600 καὶ
916 1535 1039 1617 ταύτην
1067 1533 1177 1621 ἀρχὴν

122 1643 362 1725 4ποιήσασθαι
385 1650 446 1707 τοῦ
468 1639 624 1726 πολέμου.
661 1650 763 1706 ταῦτα
786 1640 988 1727 συνθέμενοι
1012 1641 1176 1725 ἀπηλλάτ-

159 1771 257 1814 τοντο
280 1746 316 1812 ἐκ
337 1756 399 1815 τοῦ
423 1750 603 1832 συλλόγου·
626 1746 682 1813 καὶ
705 1744 773 1832 μετ’
801 1748 842 1814 οὐ
865 1751 950 1814 πολὺ
976 1748 1177 1816 Οὐιεντανοὶ

119 1888 145 1928 1⁶
158 1852 220 1940 μέν
239 1852 491 1932 ἀποστείλαντες
509 1857 688 1939 πρεσβείαν
707 1856 751 1932 ὡς
769 1857 847 1933 τοὺς
862 1858 1011 1940 Φαβίους
1024 1853 1177 1942 ἀπῄτουν

158 1959 236 2047 παρ’
262 1961 372 2028 αὐτῶν
401 1963 439 2027 τὸ
469 1961 651 2047 φρούριον,
686 1964 855 2048 Τυρρηνία
886 1957 923 2027 δὲ
949 1970 1040 2027 πάσα
1066 1957 1109 2045 ἧν
1137 1961 1177 2028 έν

158 2078 228 2145 τοῖς
256 2067 379 2145 ὅπλοις.
425 2077 527 2134 ταῦτα
544 2065 699 2153 Ῥωμαῖοι
726 2070 924 2152 αἰσθόμενοι
949 2072 1089 2153 Φαβίων
1116 2069 1178 2133 αὐ·
1291 2121 1292 2134 .

158 2185 227 2251 τοῖς
254 2173 508 2242 ἐπιστειλάντων
532 2176 682 2258 ἔγνωσαν
705 2172 912 2261 ἀμφοτέρους
935 2173 1179 2260 ἐκπορεύεσθαι

159 2283 237 2357 τοὺς
258 2281 405 2358 ὑπάτους
427 2277 481 2346 ἐπὶ
503 2283 563 2347 τὸν
585 2283 742 2365 πόλεμον,
765 2284 824 2347 τόν
847 2278 875 2345 τ’
898 2280 962 2346 ἀπὸ
988 2284 1180 2368 Τυρρηνίας
1290 2335 1291 2338 ¹

120 2419 146 2459 20
160 2385 365 2471 ἐπαγόμενον
389 2390 484 2473 σφίσι
506 2386 561 2453 καὶ
584 2391 644 2455 τὸν
667 2389 714 2453 ἐτι
736 2390 821 2474 πρὸς
840 2387 1075 2465 Οὐολούσκους
1096 2403 1179 2454 συν-

123 2501 292 2565 δεστῶτα.
328 2491 477 2580 Ὁράτιος
499 2490 561 2580 μὲν
583 2489 646 2561 οὖν
669 2496 761 2579 άγων
784 2496 847 2561 όύο
870 2494 1019 2578 τάγματα
1036 2493 1092 2560 καὶ
1111 2494 1256 2562 ἀπὸ1793

159 2611 225 2666 τῶν
252 2602 364 2666 ἀλλων
392 2601 573 2687 συμμάχων
600 2604 679 2678 τοὺς
707 2602 842 2677 ἱκανοὺς
872 2599 1009 2687 ἐξήγαγε
1032 2604 1095 2686 τὴν
1119 2603 1180 2668 θύ-
1289 2635 1290 2651 ¹

159 2732 261 2792 ναμιν
284 2704 337 2772 ἐπὶ
357 2707 601 2784 Οὐολούσκους.
637 2711 810 2792 Μενήνιος
833 2703 870 2772 δὲ
893 2709 1059 2793 τοσαύτην
1078 2726 1179 2793 στρα-

159 2815 233 2880 τιάν
257 2811 373 2900 ἑτέραν
391 2815 483 2897 άγων
502 2812 554 2880 ἐπὶ
578 2817 772 2900 Τυρρηνοὺς
791 2815 904 2897 ἔμελλε
923 2821 1097 2880 ποιεῖσθαι
1114 2818 1179 2900 τὴν
1288 2809 1289 2879 ι

113 2952 147 2993 ,ω
162 2919 287 2998 ἐξοθον.
325 2919 658 3007 παρασκευαζομένου
678 2917 707 2986 θ’
731 2920 836 2988 αὐτοῦ
853 2917 908 2984 καλ
927 2923 1100 3007 τρίβοντος
1117 2924 1179 2988 τὸν

201 3143 205 3148 ·
233 3138 246 3184 1
266 3130 441 3200 κατηγόρουν
460 3129 595 3201 θούριον]
614 3147 700 3200 supra
719 3127 824 3194 ἔθνους
840 3131 866 3184 A
928 3137 960 3186 11
979 3149 1001 3184 π
1019 3138 1092 3186 ωπον
1112 3131 1180 3188 add.

158 3200 181 3254 Β
265 3209 298 3257 16
321 3204 387 3272 pont
405 3201 543 3272 φρούριον
561 3200 591 3256 in
608 3201 632 3255 B
650 3202 739 3256 verba
756 3204 806 3256 nal
823 3201 928 3270 ταύτην
948 3201 1001 3270 ἀρχ
1021 3220 1038 3254 ν
1056 3199 1182 3269 ποιήσα-

159 3275 230 3326 σθαι
249 3289 264 3326 ε
283 3289 366 3328 versu
386 3279 418 3328 12
441 3273 593 3342 iterantur,
619 3272 669 3326 sed
688 3271 784 3328 deleta
802 3275 868 3327 ενοι
885 3279 963 3327 πάσα
978 3271 1029 3345 sslf]
1045 3266 1082 3342 ἦν
1102 3268 1134 3328 ἐν
1155 3272 1182 3327 Α
1286 3285 1287 3337 η

159 3389 195 3522 ην
211 3396 329 3486 0111]ξο
347 3391 450 3480 ἦνθε]
541 3403 574 3452 18
593 3397 818 3453 ἀποστειλάντων
839 3396 889 3452 ΑΒ
908 3396 1137 3454 ἀποστειλάντων
1159 3398 1182 3454 C

175 3471 375 3523 πιοτειλαντων
393 3469 459 3524 Rem
482 3485 497 3523 θ
571 3474 603 3524 19
622 3468 788 3543 π<όλε>μον
806 3470 829 3522 Β
