2656 3974
207 216 273 282 384
629 218 727 270 -Θ
766 249 799 260 -

207 377 312 446 αὐτοῦ
334 379 396 464 την
420 377 616 465 ἐπιγραφήν.
653 379 735 445 ἀλλο
758 376 787 444 δ
810 375 911 445 οὐδὲν
930 375 1069 445 ἐπὶτῶν
1087 377 1228 444 ὑπάτων

208 486 337 553 τούτων
360 489 463 571 λόγον
487 486 582 565 ἀξιον
606 484 766 573 ἐπράχθη.

275 591 359 657 LXI.
393 589 466 658 Ἐπί
493 588 531 657 δὲ
558 601 616 677 τῆς
638 590 754 676 ἐνάτης
775 588 830 658 καὶ
855 589 1100 677 ἑβδομηκοστῆς
1123 591 1231 676 ὀλυμ-

210 698 345 783 πιάδος,
372 698 415 782 ἣν
439 697 532 766 ἰνίκα
555 699 716 785 Ξενοφῶν
738 701 924 784 Κορίνθιος
947 700 1106 785 άρχοντος
1126 696 1231 782 Ἀθή-

183 822 309 890 ινησιν
342 800 598 892 Ἀρχεδημίδου,
635 805 933 894 παραλαμβάνουσι
969 807 1031 889 τὴν
1067 806 1232 872 ὑπατείαν

215 915 312 988 Τῖτος
334 913 491 989 Κοίντιος
513 915 746 989 Καπιτωλῖνος
767 909 824 977 καί
846 914 989 989 Κόιντος
1013 911 1141 997 Φάβιος
1161 911 1276 976 Οὐ-ιοι

212 1020 402 1102 ιβουλανός·
426 1021 583 1096 Κοίντιος
604 1015 666 1103 μὲν
684 1019 722 1084 τὸ
740 1021 853 1102 τρίτον
871 1016 924 1084 ἐπὶ
942 1019 1005 1104 τὴν
1022 1017 1129 1105 ἀρχὴν
1148 1017 1234 1084 ἀπο-

212 1122 357 1210 δειχθείς
379 1125 445 1192 ὑπὸ
467 1133 529 1190 τοῦ
551 1125 672 1208 δήμου,
695 1124 823 1208 Φάβιος
845 1120 883 1190 δὲ
904 1126 942 1191 τὸ
966 1124 1133 1210 δεύτερον.
1180 1117 1235 1204 οἷς

211 1231 231 1314 ἡ
264 1229 370 1316 βουλή
403 1228 603 1318 ἀμφοτέροις
635 1232 789 1317 στρατιάς
819 1231 963 1316 μεγάλας
993 1229 1048 1297 καὶ
1077 1225 1117 1297 εὖ
1145 1253 1235 1318 παρ-

173 1325 455 1440 1ξεσιιευασμένας
476 1339 673 1423 παραδοῦσα
696 1334 864 1422 ἐξέπεμψε.
901 1340 1058 1415 Κοίντιος
1079 1333 1142 1423 μὲν
1165 1333 1235 1404 οὖν

213 1443 336 1530 ἐτάχθη
364 1444 544 1530 φυλάττειν
570 1445 631 1528 τὴν
659 1442 822 1532 σφετέραν
850 1453 929 1529 γῆν,
957 1444 1018 1528 ὅση
1041 1455 1111 1522 τοῖς
1131 1451 1235 1512 πολε·

212 1553 302 1635 μίοις
324 1551 446 1637 ὅμορος
467 1546 522 1636 ἦν,
546 1551 674 1635 Φάβιος
697 1546 735 1616 δὲ
758 1552 819 1636 τὴν
842 1553 1000 1616 Αἰκανῶν
1025 1553 1142 1638 δηοῦν·
1173 1552 1235 1618 καὶ

212 1656 457 1741 καταλαμβάνει
484 1659 561 1734 τοὺς
583 1659 753 1734 Αἰκανοὺς
781 1654 834 1722 ἰπὶ
860 1668 930 1734 τοῖς
955 1661 1127 1746 μεθορίοις
1148 1658 1235 1726 ὑπο-
1282 1681 1283 1732 ι

213 1758 374 1847 μένοντας
401 1762 504 1830 αὐτὸν
532 1766 596 1829 σὺν
624 1765 764 1849 δυνάμει
792 1769 908 1849 πολλῇ.
953 1762 1008 1829 καὶ
1035 1764 1149 1850 ἐπειδὴ
1171 1767 1236 1844 τδις
1282 1751 1283 1758 ¹

173 1895 200 1936 ιι
213 1870 423 1955 παρεμβολάς
450 1869 487 1935 ἐν
508 1881 579 1946 τοῖς
601 1873 788 1956 κρατίστοις
811 1867 959 1957 ἑκάτεροι
982 1873 1115 1957 χωρίοις
1137 1895 1236 1938 κατε-

214 1978 388 2060 στήσαντο,
406 1972 576 2062 προῄεσαν
594 1977 641 2053 εἰς
658 1977 696 2042 τὸ
714 1978 833 2043 πεδίον
851 1978 1008 2044 Αἰκανῶν
1026 1981 1236 2063 προκαλεσα-

214 2081 324 2168 μένων
341 2079 397 2148 καί
416 2080 587 2168 ἀρξάντων
604 2090 662 2166 τῆς
680 2082 796 2168 μάχης,
814 2079 870 2148 καί
889 2080 1059 2167 διέμειναν
1075 2080 1126 2148 ἰπί
1142 2089 1234 2152 πολὺ

213 2198 271 2273 τῆς
293 2188 416 2276 ἡμέρας
439 2187 592 2274 ἐκθύμως
613 2187 670 2254 καί
692 2192 884 2274 φιλοπάνως
905 2188 1153 2275 ἀγωνιζόμενοι,
1174 2191 1237 2258 καὶ

214 2297 252 2361 τὸ
279 2303 377 2361 νικᾶν
405 2295 445 2361 οὐ
472 2293 550 2381 παρ’
576 2296 680 2360 ἀλλον
706 2296 781 2360 τινά
806 2294 827 2380 ἦ
850 2292 926 2382 παρ’
955 2293 1073 2362 ἑαυτὸν
1096 2293 1236 2374 ἕκαστος

176 2388 398 2503 ἐκθέμενος.
443 2402 487 2479 ὡς
517 2398 555 2466 δὲ
584 2403 624 2467 τά
654 2401 732 2487 ξίφη
762 2413 832 2479 τοῖς
858 2404 1009 2469 πλείοσιν
1036 2401 1147 2468 αὐτῶν
1178 2403 1236 2468 διδι

216 2509 274 2587 τδις
306 2518 456 2594 συνεχεῖς
485 2509 613 2592 πληγὰς
640 2509 787 2595 ἀχρηστα
815 2507 962 2593 ἐγεγόνει
969 2559 979 2593 ,
1012 2508 1235 2594 σημηνάντων

216 2616 253 2681 τὸ
282 2614 502 2699 ἀνακλητικὸν
529 2625 597 2680 τῶν
620 2616 796 2700 ἡγεμόνων
820 2614 974 2699 ἀπῆλθον
998 2614 1051 2682 ίπί
1074 2619 1153 2694 τοὺς
1177 2618 1235 2703 χά-

216 2745 325 2805 ρακας.
371 2718 426 2786 καὶ
453 2723 533 2805 μετὰ
560 2731 659 2788 τοῦτο
687 2725 724 2788 τὸ
749 2725 848 2809 ἔργον
866 2721 963 2806 ἀγὼν
985 2719 1047 2808 μὲν
1070 2722 1106 2788 ἐκ
1128 2735 1274 2811 παρα-191

215 2827 336 2907 τάξεως
364 2823 469 2894 οὐκέτ’
497 2827 608 2894 αὐτῶν
636 2826 782 2915 ἐγένετο,
815 2826 1053 2917 ἀκροβολισμοὶ
1081 2827 1121 2894 δέ
1145 2853 1235 2908 τινες

178 2958 203 3000 ει
217 2932 272 3000 καὶ
303 2932 490 3018 συμπλοκαὶ
518 2939 628 3013 ψιλῶν
657 2938 737 3022 περί
763 2959 798 3001 τε
827 2936 928 3002 ὕδασι
957 2934 1013 3001 καὶ
1043 2935 1080 3002 ίν
1110 2934 1235 3024 ἀγοράς

216 3050 451 3127 παραπομπαῖς
478 3049 639 3127 συνεχεῖς·
671 3041 735 3108 κάν
762 3043 893 3120 τούτοις
920 3039 1033 3127 μέντοι
1060 3042 1100 3108 τά
1127 3044 1233 3110 πολλά

180 3142 303 3231 4ἦσαν
326 3149 509 3234 ἰσόρροποι.
555 3147 591 3213 ἐν
615 3141 641 3236 ᾧ
666 3144 703 3213 δὲ
725 3146 815 3215 ταῦτ’
838 3147 964 3234 ἐγίνετο
988 3151 1109 3238 χρόνῳ,
1132 3148 1233 3236 μοῖρά

289 3346 304 3394 3
328 3339 500 3410 ὀλυμπιάδος
518 3356 571 3395 om.
590 3338 638 3394 Βιι
729 3349 744 3397 6
768 3341 894 3414 βωλανδς
912 3340 1016 3411 AOmg
1035 3340 1166 3405 ίυνλανδς
1186 3339 1231 3397 BG

218 3427 287 3464 corr.
308 3409 429 3480 Sylburg
506 3416 539 3465 12
564 3413 653 3482 δῃοῦν
671 3413 882 3495 καταλαμβάνει
900 3412 974 3468 τεΑ
1054 3420 1086 3468 14
1109 3413 1160 3467 καί
1180 3430 1230 3470 om.

218 3479 263 3533 Ba
336 3487 368 3535 17
393 3481 442 3535 καὶ
460 3485 526 3538 ante
546 3483 691 3554 διέμειναν
710 3483 818 3541 delent
836 3484 959 3554 Sylburg
1031 3490 1065 3539 22
1085 3483 1116 3538 τδ
1136 3483 1230 3544 om.B
