2586 3972
458 247 459 252 ι
523 213 557 224 -
594 157 731 256 Θεέ
1049 184 1115 250 εοε

53 381 55 387 ·
93 354 134 429 τῇ
166 342 196 408 δ’
224 343 297 428 ἑξῆς
323 344 429 432 ἡμέρᾳ
456 345 671 430 στεφανώσας
697 349 776 422 τοὺς
799 345 1055 430 ἀριστεύσαντας
1079 346 1115 412 έν

94 451 317 536 ταῖςμάχαις
344 462 416 527 ταῖς
446 450 720 533 ἐκπρεπεστάταις
749 452 907 536 δωρεαῖς,
938 452 1046 520 πάντα
1075 455 1114 518 τά

93 555 389 642 ἐγκαταληφθέντα
413 556 449 622 έν
472 566 529 644 τῷ·
541 558 660 644 χάρακι
683 558 846 641 ὑποζύγιά
864 582 899 623 τε
917 557 972 624 καὶ
992 559 1114 644 ἀνδρά-
1184 634 1187 639 ,

92 666 184 730 ποδα
207 662 262 728 καὶ
286 665 410 747 σκηνάς
431 668 566 729 πολλῶν
587 663 727 747 ἀγαθῶν
745 666 911 749 γεμούσας
929 677 999 742 τοῖς
1017 682 1114 750 στρα-

92 771 227 848 τιώταις
254 770 436 857 ἐχαρίσατο.
482 769 537 844 καλ
565 769 692 856 ἐγένετο
720 770 757 836 έν
784 777 890 857 πολλῇ
914 773 1054 860 εὐπορίᾳ
1076 775 1113 839 τὸ
1141 793 1155 833 ι

92 885 164 942 τῶν
182 874 350 962 Ῥωμαίων
379 877 564 962 στράτευμα
592 878 637 955 ὡς
664 877 697 957 έξ
726 878 884 964 οὐδεμιᾶς
912 877 1025 965 ἑτέρας
1047 880 1114 945 πό·

92 1005 175 1049 ποτε
196 985 308 1069 μάχης·
346 983 561 1069 ἁβροδίαιτον
578 985 643 1069 γὰρ
662 986 704 1069 δη
722 983 778 1050 καὶ
795 983 973 1063 πολυτελὲς
991 988 1027 1051 τὸ
1038 983 1115 1052 Ιτεόν

98 1093 285 1176 Τυρρηνῶν
316 1093 418 1167 ἔθνος
448 1085 491 1173 ἦν
523 1095 609 1157 οῖκοι
642 1113 676 1156 τε
706 1089 762 1156 καὶ
792 1091 845 1156 ἐπὶ
875 1092 1115 1178 στρατοπέδου,

31 1199 338 1281 1788περιαγόμενον
375 1195 436 1274 έξω
473 1207 541 1262 τῶν
578 1195 767 1279 ἀναγκαίων
802 1198 950 1263 Ιπλούτου
987 1222 1021 1263 τε
1059 1197 1114 1264 καὶ

93 1301 213 1388 τέχνης
240 1305 320 1387 ἔργα
350 1313 491 1368 παντοῖα
517 1305 600 1388 πρὸς
628 1301 752 1385 ἡδονάς
779 1302 1036 1389 μεμηχανημένα
1059 1303 1114 1370 καλ
1129 1328 1155 1366 ιο

43 1449 46 1456 .
93 1409 233 1494 τρυφάς.
297 1427 299 1430 ·
488 1413 490 1418 ’

165 1515 268 1579 XVII.
306 1519 386 1592 Ταῖς
408 1514 438 1580 δ’
466 1513 539 1600 ἑξῆς
561 1513 699 1600 ἡμέραις
722 1514 935 1602 ἀπειρηκότες
957 1518 1021 1600 ἤδη
1046 1528 1115 1594 τοῖς

95 1632 211 1698 κακοῖς
236 1623 271 1687 οί
292 1619 489 1688 Οὐιεντανοὶ
512 1624 590 1698 τοὺς
612 1623 857 1708 πρεσβυτάτους
879 1633 945 1688 τῶν
969 1627 1115 1689 πολιτῶν

2 1717 3 1724 ¹
97 1730 263 1812 ἱκετηρίας
291 1727 455 1814 φέροντας
485 1727 681 1794 ἀπέστειλαν
711 1729 756 1806 ὡς
786 1732 845 1796 τὸν
873 1729 1014 1795 ύπατον·
1031 1725 1114 1814 ὑπὲρ

96 1844 155 1918 τῆς
185 1835 319 1918 εἰρήνης
347 1828 628 1919 διαλεξομένους
659 1833 714 1901 καὶ
742 1838 778 1901 ολ
803 1838 923 1920 ἀνδρες
951 1836 1115 1919 ὀλοφυρό-
1130 1823 1154 1920 ιε

82 1944 197 2025 ,μενοί
224 1965 259 2006 τε
288 1939 343 2006 καὶ
372 1940 625 2026 ἀντιβολοῦντες
652 1941 707 2008 καλ
734 1937 840 2026 τᾶλλ’,
870 1943 933 2007 όσα
961 1942 1114 2025 έπαγωγά

96 2043 140 2131 ἦν
167 2049 216 2124 είς
243 2051 353 2131 έλεον,
386 2049 466 2132 μετὰ
494 2053 628 2113 πολλῶν
657 2048 812 2134 δακρύων
841 2047 1019 2126 διεξιόντες
1045 2051 1114 2112 πεί-
1162 2117 1166 2126 ,

96 2162 200 2221 δουσι
220 2147 279 2220 τὸν
296 2155 424 2220 ύπατον
444 2152 615 2236 ἐπιτρέψαι
635 2158 731 2239 σφίσι
749 2157 827 2231 τοὺς
844 2156 1047 2239 πρεσβευτάς
1064 2158 1114 2236 είς

93 2259 221 2346 Ῥώμην
237 2249 436 2326 ἀποστεῖλαι
459 2263 537 2337 τοὺς
559 2257 642 2345 ὑπὲρ
665 2270 723 2344 τῆς
746 2261 955 2337 καταλύσεως
977 2272 1037 2328 τοῦ
1055 2284 1114 2328 πο-

98 2367 202 2452 λέμου
229 2370 313 2452 πρὸς
339 2368 400 2450 τὴν
427 2367 555 2451 βουλὴν
579 2365 848 2451 διαλεξομένους,
876 2365 937 2443 ἕως
960 2365 991 2432 δ’
1018 2367 1061 2433 ἀν
1083 2370 1119 2434 οί
1130 2389 1156 2429 ιο

98 2472 257 2559 πρέσβεις·
284 2473 467 2558 ἀφίκωνται
499 2473 658 2559 φέροντες
689 2473 746 2550 τάς
775 2473 979 2559 ἀποκρίσεις,
1011 2473 1125 2560 μηδὲν·

99 2579 211 2644 αὐτῶν
233 2590 433 2665 κακουργεῖν
451 2581 512 2663 την
531 2580 652 2665 χώραν.
689 2579 745 2643 ἵνα
764 2573 794 2642 δ’
813 2579 926 2656 αὐτοῖς
945 2579 1116 2664 ἐγγένηται

99 2696 202 2751 ταῦτα
234 2687 407 2770 πράττειν,
439 2688 532 2776 σῖτόν
564 2708 599 2749 τε
631 2685 850 2770 ὡμολόγησαν
882 2694 920 2771 τῇ
946 2683 1115 2771 Ῥωμαίων

100 2802 238 2880 στρατιᾷ
257 2794 400 2877 διμήνου
418 2790 583 2876 παρέξειν,
600 2789 656 2856 καλ
674 2791 823 2877 χρήματα
838 2795 885 2870 είς
899 2793 1115 2877 ὀψωνιασμὸν

173 3026 187 3072 1
209 3014 240 3074 ἐν
258 3025 320 3082 ταῖς
337 3019 439 3090 μάχαις
457 3016 694 3090 ἐκπρεπεστάταις
713 3020 735 3076 0
756 3016 787 3075 ἔν
805 3029 838 3092 τῇ
853 3020 928 3092 μάχη
942 3026 1004 3081 ταῖς
1018 3014 1117 3088 ἐκπρε-

8 3111 9 3114 ’
99 3089 293 3153 πεττάταιςο.
312 3091 417 3146 Reiske
485 3087 782 3164 3έγκαταλειφδέντα
801 3091 823 3147 0
843 3109 913 3146 corr.
932 3089 1036 3144 Reiske
1101 3098 1115 3144 7

100 3162 176 3235 <γάρ
194 3160 272 3234 ἤδη)
295 3161 318 3215 Β
395 3169 431 3236 Ι9
454 3162 708 3233 ’ύπεραγόμενονΟ
733 3162 947 3234 ύπεραγάμενον
972 3178 995 3217 ο.
1014 3161 1116 3215 Βείελῐο

99 3231 308 3303 περιαγόμενον
327 3232 459 3288 Gelenius
528 3242 561 3290 16
580 3233 615 3288 τὰ
634 3233 703 3288 ἄλλα
722 3236 747 3288 A
811 3240 844 3288 18
863 3234 928 3296 τούς
946 3231 1117 3305 πρεσβευτάς
1159 3297 1161 3302 Ι

100 3304 153 3358 ΑΒ
177 3304 243 3366 τοὺς
266 3303 320 3359 del.
340 3303 444 3359 Reiske
533 3313 566 3360 19
590 3306 756 3360 ἀποστεῖλαι
773 3305 843 3374 πρὸς
860 3304 912 3374 τὴν
932 3303 1036 3376 βουλὴν
1054 3304 1117 3358 δια-

102 3373 305 3502 λεξομένονςθ
325 3376 489 3432 ἀποστεῖλαι
507 3379 557 3432 aut
576 3379 642 3432 ante
660 3377 726 3439 τούς
743 3395 769 3430 v.
786 3381 818 3430 18
838 3383 889 3430 aut
906 3377 973 3446 post
991 3375 1117 3442 διαλεξο-

102 3466 206 3518 μνονς
223 3445 384 3517 ponendum
404 3463 463 3502 esse
482 3465 505 3503 ο.
525 3447 647 3517 Sylburg
719 3451 753 3501 λδ
773 3446 982 3518 ὁμολογήσαντι
1000 3446 1046 3500 Ba
1089 3475 1091 3480 ·
