2660 3976
526 228 695 278 -Η-
1056 223 1120 288 143

101 389 160 453 τόν
182 409 217 452 τε
241 389 388 472 πόλεμον
411 387 452 452 οὐ
475 389 592 454 κοινὸν
614 388 754 470 ἅπασιν,
782 386 866 452 ἀλλά
890 389 983 472 σφίσι
1006 390 1123 471 μόνοις

103 492 286 577 ἐπάγεσθαι
311 491 558 578 σκηπτομένων·
582 490 637 559 καὶ
658 489 701 577 ἦν
719 495 757 558 τὸ
775 490 1044 577 κακοηθέστατον
1061 501 1124 558 τοῦ

103 603 209 686 δήμου
234 597 334 685 μέρος
356 601 423 685 ἅμα
445 601 586 678 τούτοις.
623 601 776 686 στρατιάς
798 595 837 664 θλ
857 590 1082 684 καταγράφειν
1103 598 1123 682 ή

101 710 218 771 καλεῖν
236 707 315 782 τοὺς
333 705 527 791 συμμάχους
545 706 565 790 ή
584 705 901 786 παρασκευάσασθαι
918 706 960 770 τά
975 707 1124 770 κατεπεί-

102 836 204 897 γοντα
229 812 285 878 θιά
307 813 348 876 τά
369 814 453 897 πρὸς
475 811 640 895 ἀλλήλους
663 815 745 896 ἔχθη
767 810 823 876 καὶ
846 812 905 889 τὰς
922 811 959 877 έν
978 821 1051 888 ταῖς
1071 809 1164 881 έκ-.ι

101 920 254 1002 κλησίαις
276 920 474 1004 κατηγορίας
496 915 568 983 οὐδ’
593 920 641 994 είς
662 926 748 983 νοῦν
771 915 969 1003 ἐλάμβανον.

168 1013 243 1090 XV.
277 1027 383 1090 Τοῦτο
405 1027 654 1109 καταμαθόντες
677 1025 713 1090 οί
727 1024 948 1109 πρεσβύτατοι
966 1035 1034 1090 τῶν
1047 1020 1121 1090 Ῥω-

101 1135 211 1216 μαίων
230 1128 476 1216 συστραφέντες
493 1132 632 1196 ἔπειθον
652 1130 722 1214 ἰδίᾳ
739 1152 774 1194 τε
792 1128 848 1195 καὶ
868 1129 904 1196 ἐν
922 1140 1024 1219 κοινῷ
1044 1135 1124 1209 τοὺς

102 1237 406 1314 στασιωδεστάτους
415 1247 482 1302 τῶν
491 1237 681 1321 δημοτικῶν
694 1237 889 1301 παύσασθαι
903 1248 969 1302 τῶν
983 1239 1032 1314 είς
1044 1241 1123 1316 τοὺς
1158 1256 1162 1264 ·

100 1346 296 1429 πατρικίους
324 1342 480 1421 ὑποψιῶν
510 1365 545 1408 τε
573 1338 628 1407 καὶ
654 1351 876 1427 κατηγοριῶν·
908 1343 1123 1421 διδάσκοντες
1138 1371 1163 1409 ιο

104 1451 175 1532 [ὡς]
196 1451 228 1516 εί
245 1446 291 1514 δι’
310 1446 383 1526 ένὸς
401 1448 525 1534 ἀνδρὸς
543 1447 727 1534 ἐπιφανοῦς
745 1448 858 1534 φυγήν
876 1457 1035 1525 τοσοῦτος
1053 1452 1122 1515 κίν-

102 1559 207 1633 θυνος
224 1554 358 1640 κατέσχε
377 1555 438 1638 τήν
455 1557 567 1638 πόλιν,
590 1557 626 1619 τί
640 1555 703 1639 χρή
722 1555 925 1638 προσδοκᾶν,
943 1554 1003 1621 έάν
1021 1554 1122 1640 ἀναγ-

102 1668 276 1728 κασθῶσιν
303 1661 339 1726 οί
358 1658 476 1727 πολλοὶ
498 1671 566 1726 τῶν
588 1665 773 1747 πατρικίων
794 1660 1123 1747 προπηλακισθέντες

102 1770 167 1835 ὑπὸ
196 1777 257 1833 τοῦ
285 1767 393 1852 δήμου
420 1768 520 1833 ταύτὸ
548 1777 728 1854 φρονῆσαι·
758 1766 814 1833 καὶ
840 1767 1001 1855 κατέσχον
1028 1765 1122 1834 οὗτοι

102 1877 163 1960 τήν
184 1873 349 1959 ἀκοσμίαν
371 1883 432 1940 τοῦ
453 1876 615 1956 πλήθους.
660 1871 875 1959 παυσαμένου
900 1871 937 1939 θλ
958 1885 1019 1941 τοῦ
1041 1844 1162 1958 πολ-125

103 1988 163 2048 λοῦ
190 1981 346 2066 θορύβου
374 1985 586 2046 συνελθοῦσα
612 1979 632 2064 ή
660 1980 766 2065 βουλή
794 1992 863 2058 τοῖς
890 1977 951 2066 μὲν
974 1981 1038 2046 ἀπὸ
1062 1991 1121 2047 τοῦ

42 2096 221 2154 ιιισκοινοῦ
244 2097 312 2152 τῶν
334 2089 490 2153 Λατίνων
512 2096 657 2174 παροῦσι
679 2091 895 2172 πρεσβευταῖς
917 2085 971 2152 ἐπὶ
994 2104 1122 2172 συμμα-

104 2199 175 2280 χίας
203 2199 335 2277 αίτησιν
361 2193 575 2280 ἀπεκρίνατο,
602 2194 647 2279 μή
672 2190 792 2281 ῥᾴδιον
815 2189 901 2259 εἶναι
925 2197 1019 2279 σφίσι
1042 2198 1122 2280 βοή-

103 2308 202 2367 θειαν
230 2297 444 2373 ἀποστέλλειν
470 2301 552 2366 κατά
579 2301 616 2365 τὸ
644 2303 765 2387 παρόν·
793 2299 906 2377 αὐτοῖς
927 2299 958 2365 θ’
983 2299 1122 2379 ἐκείνοις

105 2404 290 2494 ἐπιτρέπειν
312 2408 374 2491 τήν
397 2405 524 2472 ἑαυτῶν
547 2408 705 2493 στρατιάν
727 2407 950 2493 καταγράφειν
966 2405 1027 2473 παλ
1045 2408 1120 2492 ήγε-
1134 2436 1160 2475 ιο

103 2517 208 2597 μόνας
232 2522 290 2598 τής
318 2514 490 2606 δυνάμεως
516 2516 623 2592 ίθίους
646 2511 822 2610 ἐκπέμπειν
844 2537 895 2596 τε,
923 2513 1002 2579 ὅταν
1026 2514 1120 2580 αὐτοὶ

104 2618 293 2705 ἐκπέμψωσι
330 2621 482 2706 δύναμιν.
542 2619 580 2686 έν
616 2621 679 2706 γάρ
716 2631 788 2696 ταῖς
824 2623 1027 2704 συνθήκαις,
1069 2613 1121 2698 αἷς
1193 2654 1197 2662 ·

103 2725 302 2811 ἐποιήσαντο
332 2729 415 2813 πρὸς
444 2726 565 2804 αὐτοὺς
594 2723 670 2813 περὶ
701 2729 829 2811 φιλίας,
861 2725 1049 2813 ἀπόρρητον
1076 2721 1119 2810 ήν

102 2834 231 2900 τούτων
255 2830 418 2920 ἑκάτερον.
463 2845 533 2910 τοῖς
556 2830 588 2898 θ’
610 2833 750 2910 ὑπάτοις
772 2831 899 2918 ἐφῆκαν
921 2836 1062 2919 στρατόν
1084 2833 1154 2897 τε3

173 3069 189 3116 3
217 3061 363 3131 στρατείας
385 3061 460 3114 ΑΒα
485 3061 615 3132 στρατιάς
637 3062 684 3116 Bb
761 3069 779 3116 4
803 3059 1071 3116 κατασκευάσασθαι
1095 3060 1118 3115 O

102 3131 377 3203 παρασκευάσασθαι
394 3131 539 3203 KiessIIng
557 3132 592 3188 cf.
606 3133 673 3187 VIII
692 3139 734 3201 11,
754 3138 768 3186 1
825 3139 840 3187 ‘1
859 3141 914 3187 τῶν
933 3147 987 3186 om.
1005 3131 1029 3184 B
1085 3137 1117 3185 11

102 3205 138 3267 ὡς
162 3204 217 3259 del.
238 3203 340 3272 Sylbur
431 3211 466 3258 14
489 3201 578 3276 οῦτοι]
603 3203 673 3258 οῦτοι
698 3222 720 3258 ο.
739 3203 867 3258 Hertlein
885 3203 1002 3257 Hermes
1021 3201 1047 3255 X
1065 3209 1117 3257 417

103 3282 134 3329 21
171 3277 188 3310 *
213 3273 304 3336 ίθίους
335 3221 487 3344 ἀιπέμπειν
519 3295 548 3330 τε
581 3274 650 3344 ὅσην
681 3276 749 3348 (σην
781 3275 812 3329 in
843 3292 897 3331 ras.
930 3273 964 3345 Β)
997 3272 1033 3328 ἂν
1065 3274 1118 3327 ΑΒ

104 3343 194 3410 ίδίους
221 3347 372 3413 ἀποδεῖξαι
399 3345 450 3410 ἕως
477 3346 534 3412 (vel
556 3343 635 3417 τέως)
662 3364 685 3402 ο.
708 3345 852 3416 Kiesinng
880 3344 898 3400 ί.
927 3341 948 3399 έ.
977 3365 1020 3414 τε,
1050 3344 1118 3400 ὅταν

104 3433 156 3487 ego
180 3417 217 3474 ef.
229 3416 340 3500 Kaysef
357 3419 429 3473 Anu.
447 3416 517 3488 phil.
538 3423 652 3487 18681).
672 3424 724 3475 816
792 3423 826 3472 22
847 3412 1010 3488 ἐκπέμψωσι
1029 3416 1049 3471 O
1069 3417 1119 3471 θῦ-

104 3508 209 3544 νωνται
226 3507 258 3543 ιιι
275 3505 339 3559 mge
