2674 3978
171 263 214 328 ω
596 265 758 314 -ι-

171 427 189 493 ὑ
208 429 316 509 λόγος.
353 423 460 510 ἐβόων
478 426 542 511 γάρ
561 426 628 509 άμα
646 421 702 491 καὶ
721 421 884 502 ἐξέκλειον
903 422 1077 508 ἀλλήλους,
1101 423 1259 490 &mnus
1316 474 1317 498 1

170 532 214 617 μη
237 523 363 619 Ιῥηίδιον
391 526 478 597 είναι
507 542 577 608 τοῖς
598 539 742 616 παροῦσι
765 530 823 607 τάς
846 531 995 606 διανοίας
1017 528 1127 595 αὐτῶν
1152 529 1185 611 [ὑ
1316 529 1317 532 ’

170 663 201 704 τι
224 639 416 723 βούλονται]
442 639 602 703 συνιδεῖν.

235 743 322 812 XVI.
352 742 544 810 Ἐδικαίουν
571 741 601 808 δ’
630 745 665 811 οί
689 740 750 828 μὲν
779 743 899 810 ὑπατοι
928 743 990 827 την
1013 745 1185 828 κρείττονα

143 854 300 938 εέχοντες
322 849 475 929 ἐξουσίαν
499 848 654 916 ἁπάντων
677 852 791 937 άρχειν
811 860 880 915 τῶν
902 849 938 915 ἐν
960 858 1000 934 τῇ
1023 851 1130 932 πόλει,
1152 849 1189 914 ολ

170 953 208 1023 δὲ
227 958 391 1043 δήμαρχοι
408 959 471 1042 την
490 955 666 1041 ἐκκλησίαν
686 955 815 1023 ἑαυτῶν
833 952 920 1022 εἶναι
933 959 1057 1043 χωρίον
1075 956 1185 1042 ὥσπερ

170 1062 306 1128 ἐκείνων
330 1063 391 1147 την
414 1064 557 1148 βουλήν,
585 1061 641 1128 καὶ
665 1063 771 1129 ὁπόσα
794 1059 848 1128 ἐπὶ
870 1073 940 1139 τοῖς
964 1064 1121 1146 δημόταις
1142 1057 1186 1145 ἣν

169 1173 296 1256 κρίνειν
319 1191 353 1233 τε
376 1166 431 1234 καί
454 1172 669 1254 ψηφίζεσθαι,
691 1170 819 1235 τούτων
838 1166 933 1235 αὐτοὶ
950 1177 1018 1233 πᾶν
1042 1171 1129 1255 ἔχειν
1147 1171 1186 1234 τὸ

168 1275 295 1361 κράτος.
338 1278 578 1359 συνηγωνίζετο
599 1271 636 1341 δὲ
654 1286 724 1352 τοῖς
746 1271 808 1360 μὲν
828 1275 849 1358 ὑ
868 1277 1001 1359 πληθὺς
1019 1273 1187 1358 ἐπιβοῶσα

130 1402 157 1442 ιο
170 1379 224 1446 καλ
252 1381 352 1465 ὁμόσε
380 1392 514 1468 χωρεῖν,
543 1382 575 1446 εί
601 1379 688 1465 δέοι,
715 1391 785 1457 τοῖς
811 1382 979 1447 κωλύουσι
1006 1398 1187 1465 παρεσκευ-

170 1486 312 1573 ασμένη,
349 1499 418 1565 τοῖς
445 1485 475 1553 δ’
510 1488 647 1565 ὑπάτοις
679 1489 715 1553 ολ
743 1489 909 1575 πατρίκιοι
943 1485 1187 1573 συστρέψαντες

135 1594 299 1671 2αὑτούς.
345 1593 471 1678 ἐγίνετο
502 1589 540 1659 δὲ
567 1597 672 1671 πολὺς
703 1593 795 1678 άγὼν
826 1591 902 1681 περὶ
934 1604 995 1659 τοῦ
1026 1597 1071 1679 μη
1103 1589 1187 1673 είξαι

170 1699 350 1788 ἑκατέροις,
382 1701 426 1778 ὡς
454 1700 491 1766 ἐν
518 1709 578 1788 μιᾷ
607 1709 646 1785 τῇ
673 1704 746 1766 τότε
775 1701 856 1787 ἥττη
885 1699 1187 1787 παραχωρουμένης

169 1817 226 1892 τῆς
249 1809 297 1885 είς
313 1809 373 1873 τὸν
392 1809 510 1874 λοιπὸν
528 1809 652 1892 χρόνον
671 1804 834 1891 ἑκατέρων
854 1808 1063 1885 δικαιώσεως.
1093 1808 1187 1891 ἥλιός

130 1930 155 1972 15
168 1938 203 1980 τε
235 1912 310 2001 περὶ
337 1914 530 1999 καταφορὰν
558 1908 602 1997 ἦν
629 1914 711 1998 ἤδη,
742 1911 797 1978 καί
830 1911 1026 2000 συνέτρεχεν
1053 1912 1089 1978 ἐκ
1117 1925 1186 1980 τῶν

170 2023 285 2086 οἰκιῶν
314 2022 351 2085 τὸ
379 2021 460 2086 άλλο
484 2026 614 2103 πλῆθος
636 2022 683 2096 είς
705 2020 766 2103 τὴν
790 2018 928 2105 άγοράν,
955 2018 1009 2084 καὶ
1034 2022 1185 2106 ἐμελλον,

170 2129 200 2192 εί
221 2125 282 2204 νὺξ
308 2125 525 2210 ἐπιλαμβάνοι
543 2127 604 2210 την
623 2128 706 2209 ἐριν,
729 2127 776 2200 είς
799 2126 926 2209 πληγάς
943 2148 977 2191 τε
996 2124 1052 2191 καλ
1074 2131 1184 2192 λίθων

133 2233 333 2318 3χωρησειν
351 2233 460 2316 βολάς.
488 2234 544 2298 ἵνα
563 2234 604 2316 δη
624 2233 668 2316 μη
687 2239 785 2297 τοῦτο
805 2229 947 2316 γένοιτο,
966 2235 1144 2318 προελθὼν
1164 2234 1255 2302 61349

168 2343 317 2423 Βροῦτος
325 2341 403 2415 τοὺς
415 2339 561 2422 ὑπάτους
574 2337 669 2422 ἠξίου
684 2339 804 2403 δοῦναι
815 2341 916 2421 λόγον
927 2338 1028 2427 αὐτῷ,
1040 2341 1182 2406 παύσειν

129 2459 156 2500 ²⁰
169 2445 433 2530 ὑπισχνούμενος
463 2447 525 2529 την
552 2446 677 2510 στάσιν.
722 2442 870 2510 κάκεῖνοι
903 2444 1057 2524 δόξαντες
1088 2452 1185 2532 σφίσι

168 2556 479 2636 παρακεχωρῆσθαι,
498 2551 549 2616 ὅτι
567 2561 634 2616 τῶν
653 2551 832 2637 δημάρχων
849 2555 1025 2638 παρόντων
1043 2553 1084 2620 οὐ
1102 2550 1180 2640 παρ’

168 2657 304 2723 ἐκείνων
324 2657 342 2722 ὑ
367 2657 562 2740 δημαγωγὸς
578 2654 721 2742 ᾐτήσατο
739 2658 801 2741 την
819 2658 929 2743 χάριν,
952 2657 1184 2744 ἐπιτρέπουσιν

168 2764 256 2851 αὑτῷ
280 2760 399 2846 λέγειν.
436 2771 561 2847 σιωπῆς
589 2758 626 2828 δὲ
649 2760 829 2847 γενομένης
851 2765 932 2830 άλλο
956 2761 1017 2850 μὲν
1040 2761 1182 2832 οὑδὲνὺ

168 2874 316 2954 Βροῦτος
338 2865 441 2954 εἶπεν,
464 2870 612 2954 ἠρώτησε
633 2865 670 2934 δὲ
688 2873 767 2947 τοὺς
784 2870 931 2949 ὑπάτους
950 2871 1084 2938 τοιάνδε
1107 2873 1182 2937 τινά

127 2951 341 3064 ,ξὲρώτησιν
367 2969 449 3062 Ἆρά
477 2973 522 3059 γ’,
556 2978 635 3062 ἐφη,
662 2973 842 3061 μέμνησθ’,
870 2977 920 3043 ὅτι
949 2977 1183 3063 διαλυομένοις

135 3185 139 3194 ·
239 3165 317 3220 θὸτι
335 3166 484 3290 gabianae
503 3168 558 3222 del.
573 3168 674 3224 (λυπεῖ’
688 3170 755 3225 Oba.
768 3189 796 3240 p.
811 3175 846 3225 34
877 3201 878 3208 ε
901 3169 1070 3240 ΒκρῖναιΑ
1085 3173 1182 3242 κρίναι

167 3238 316 3307 Βκρίνειν
353 3237 457 3306 ylburg
524 3243 760 3312 9συνηηωνίζετο
778 3241 801 3294 Β
821 3241 1083 3311 συνηγωνίζοντοΒ
1148 3249 1181 3296 12

168 3309 270 3370 αὐτοὺς
294 3308 345 3361 ΑΒ
375 3311 379 3379 Ι
414 3304 537 3378 ἐγίγνετο
561 3311 616 3364 ΑΒ
640 3307 747 3382 ἐγίνετο
771 3313 795 3365 R
822 3314 899 3379 quod
927 3312 982 3367 def.
1007 3312 1181 3382 Grasberger

166 3379 330 3448 Philologus
345 3387 379 3435 28
398 3383 489 3452 (1869)
503 3400 529 3450 p.
545 3388 596 3437 549
671 3389 704 3440 18
720 3384 872 3454 παρελθὼν
892 3400 914 3437 ο.
929 3382 1073 3452 Kiessling
1147 3391 1180 3439 19

167 3454 293 3520 δοθῆναι
307 3451 329 3506 0
348 3453 450 3506 δοῦναι
464 3454 511 3507 vel
524 3454 672 3524 προελθὼν
686 3461 744 3518 τοῖς
757 3453 875 3517 ὑπάτοις
890 3487 922 3495 -
938 3456 1063 3524 δοθῆναι
1076 3455 1181 3510 Reiske

183 3523 201 3577 ἢ
222 3521 344 3578 Sintenis
363 3523 423 3577 Em.
442 3523 523 3580 Dion.
542 3525 582 3579 III
598 3532 630 3580 11
