2660 3976
241 379 243 390 ι

126 397 204 487 παρ’
231 401 322 486 ῆμῑν.
366 401 606 487 χερνιψάμενοί
630 424 664 466 τε
693 402 757 485 γάρ
791 399 886 467 αὐτοὶ
915 400 971 467 καὶ
1000 403 1039 468 τά
1072 403 1144 489 ίερά

127 515 264 596 καθαρῷ
287 513 558 592 περιαγνίσαντες
575 508 673 574 ὑόατι
692 506 747 573 καὶ
766 512 979 593 Δημητρίους
997 511 1145 594 καρποὺς

127 614 361 701 ἐπιρράναντες
395 613 506 680 αὐτῶν
536 627 607 692 ταῖς
638 620 813 700 κεφαλαῖς,
847 617 957 679 ἔπειτα
990 614 1144 693 κατευξά-

126 745 233 806 μενοι,
254 722 355 788 θύειν
377 723 451 786 τότε
473 733 543 797 τοῖς
565 719 744 806 ὑπηρέταις
766 720 849 786 αὐτά
871 719 1034 786 ἐκέλευον.
1076 731 1143 786 τῶν

126 825 156 894 δ’
180 829 216 893 οί
235 823 296 912 μὲν
320 825 460 918 ἑστῶτος
483 830 530 892 ἔτι
549 838 609 893 τοῦ
632 829 782 912 θύματος
803 823 948 914 σκυτάλχγ
966 829 1044 904 τοὺς
1066 850 1143 912 κρο-
1169 849 1183 890 τ

124 934 252 1019 τάφους
279 937 412 1016 ἔπαιον,
440 934 475 1000 οί
496 930 534 999 δὲ
556 937 733 1011 πίπτοντος
754 933 956 1000 ὑπετίθεσαν
979 933 1036 1010 τὰς
1059 949 1143 1018 σφα-

125 1042 238 1124 γίδας,
270 1039 325 1104 καλ
357 1041 438 1125 μετὰ
468 1050 567 1106 τοῦτο
601 1038 768 1125 δείραντές
799 1063 833 1106 τε
865 1037 920 1105 καὶ
952 1044 1143 1125 μελίσαντες

125 1146 273 1232 ἀπαρχάς
297 1146 485 1231 ἐλάμβανον
509 1145 542 1224 ἐξ
567 1143 706 1212 ἑκάστου
729 1147 920 1232 σπλάγχνου
943 1144 1000 1212 καὶ
1021 1150 1143 1225 παντὸς
1233 1143 1239 1155 “

124 1255 228 1318 άλλου
257 1253 392 1338 μέλους,
426 1253 465 1330 ἃς
491 1251 642 1338 ἀλφίτοις
675 1251 745 1332 ζέας
771 1253 1014 1329 ἀναδεύσαντες
1040 1271 1143 1340 προσ-

124 1359 245 1444 έφερον
274 1370 343 1437 τοῖς
367 1343 513 1425 θύουσιν
542 1357 594 1424 ἐπὶ
622 1371 747 1426 κανῶν·
777 1360 813 1424 οί
833 1355 863 1424 δ’
892 1356 945 1423 ἐπὶ
971 1361 1049 1436 τοὺς
1076 1364 1141 1443 βω·
1156 1384 1183 1424 ιο

125 1469 209 1549 μοὺς
232 1465 402 1544 ἐπιθέντες
426 1466 580 1552 ὑφῆπτον
598 1464 653 1530 καὶ
671 1464 922 1552 προσέσπενδον
941 1461 1036 1532 οίνον
1058 1467 1141 1531 κατά

124 1584 191 1638 τῶν
210 1562 445 1658 ἁγνιζομένων.
491 1572 628 1638 ἕκαστον
648 1570 678 1637 θ’
702 1573 752 1638 ὅτι
770 1573 852 1638 κατὰ
870 1575 995 1656 νόμους
1014 1569 1140 1656 ἐγίνετο
1153 1580 1194 1646 16

122 1681 203 1756 τοὺς
220 1678 306 1765 ἀμφὶ
324 1668 526 1764 θυσίαν“ὑφ’
545 1663 715 1764 Ἑλλήνων
729 1679 1008 1762 κατασταθέντας,
1030 1679 1066 1745 ἐκ
1084 1688 1141 1764 τῆς

55 1783 264 1871 1496Ὁμῆρου
287 1789 450 1870 ποιήσεως
471 1797 598 1869 γνῶναι
627 1783 755 1873 ῥᾴδιον.
801 1785 856 1852 καὶ
883 1788 946 1870 γάρ
970 1809 1140 1872 χερνιπτο-

120 1887 244 1976 μένους
272 1893 397 1977 εἰσάγει
426 1895 504 1969 τοὺς
531 1893 642 1978 ῆρωας
668 1891 724 1958 καὶ
752 1893 867 1970 οὐλαῖς
888 1892 1078 1979 χρωμένους
1101 1892 1138 1958 έν
1153 1917 1179 1958 15

122 1989 173 2074 οἷς
195 2015 291 2083 φησι·

189 2126 400 2209 Χερνίψαντο
424 2121 455 2188 θ’
483 2126 594 2188 ἔπειτα
617 2121 671 2188 καὶ
696 2123 877 2209 οὐλοχύτας
900 2121 1068 2190 ἀνέλοντο.

119 2248 399 2332 τριχοτομοῦντάς
429 2244 460 2312 τ’
499 2246 563 2313 ἀπὸ
593 2258 651 2332 τῆς
679 2253 823 2331 κεφαλῆς
857 2248 914 2324 τάς
943 2251 1055 2334 τρίχας
1084 2245 1157 2314 καθ’

118 2352 276 2430 τιθέντας
300 2351 352 2420 ἐπὶ
375 2357 413 2420 τὸ
436 2364 502 2438 πῦρ
526 2348 590 2419 ὧδε
615 2355 769 2440 γράφων·

183 2473 272 2543 Ἀλλ’
287 2478 305 2542 ὅ
319 2473 351 2563 γ’
364 2478 591 2565 ἀπαρχόμενος
604 2483 749 2564 κεφαλῆς
762 2481 875 2563 τρίχας
889 2477 924 2543 ἐν
937 2477 1017 2562 πυρὶ
1027 2479 1138 2563 βάλλε.
1152 2505 1179 2544 ω

118 2603 299 2680 σκυτάλαις
321 2627 356 2668 τε
379 2606 536 2680 παίοντας
559 2603 599 2668 τά
622 2601 754 2686 μέτωπα
776 2613 843 2667 τῶν
868 2602 998 2682 ίερείων
1020 2602 1076 2669 καὶ
1099 2605 1139 2668 τά

117 2713 264 2776 πεσόντα
287 2711 445 2792 θύοντας,
469 2709 513 2786 ὡς
536 2707 589 2774 ε’πλ
611 2717 669 2792 τῆς
691 2707 843 2792 Εὐμαίου
866 2720 956 2775 ποιεί
975 2713 1109 2786 θυσίας·

188 2837 283 2912 Κόψε
307 2830 336 2898 δ’
361 2832 590 2919 ἀπαρχόμενος
614 2836 705 2920 σχίζῃ
730 2834 842 2919 δρυός,
865 2833 907 2916 ῆν
931 2836 1005 2898 λίπε
1027 2836 1138 2898 κείων.

193 2943 260 3005 Ίὺν
285 2936 314 3004 δ’
343 2941 434 3004 έλιπε
456 2941 561 3025 ψυχῆ·
588 2937 640 3006 τοὶ
664 2936 694 3004 δ’
722 2938 924 3024 ἔσφαξάνπε
947 2941 1002 3004 καί
1025 2935 1137 3005 εὗσαν.

117 3064 269 3149 ἀπαρχάς
295 3060 324 3130 τ’
352 3047 416 3131 άπὸ
444 3075 511 3129 τῶν
539 3063 738 3150 σπλάγχνων
765 3061 820 3129 καὶ
848 3063 912 3129 ἀπὸ
934 3075 1002 3128 τῶν
1025 3046 1190 3162 άλλωνξὸ7

192 3220 369 3292 ἳόήμυτρος
389 3221 411 3275 O
430 3237 500 3276 corr.
524 3221 653 3275 Meineke
676 3221 748 3274 Ann.
772 3219 841 3289 phil.
865 3226 933 3275 1863
952 3239 979 3292 p.
994 3227 1046 3276 369
1119 3229 1136 3278 5
1195 3255 1202 3269 ·

118 3293 207 3364 ὁμὲν
223 3325 255 3334 -
273 3291 373 3347 ἔπαιεν
392 3309 414 3346 ο.
434 3291 578 3362 Kiessling
663 3289 932 3365 6πίπτοντ<ος>Β
1024 3298 1054 3346 11
1076 3289 1137 3349 ἔπι-

117 3365 221 3428 θέντες
240 3381 262 3418 ο.
282 3361 428 3433 Kiessling
446 3359 621 3425 ἐπιταθέντες
640 3363 662 3418 O
738 3370 769 3417 12
785 3360 956 3432 ἁγιζομένων
970 3363 995 3416 Α
1011 3371 1015 3428 Ι
1032 3363 1082 3437 (θ’
1099 3365 1137 3440 ὁ)

118 3457 146 3492 τι
164 3439 187 3492 Β
262 3441 296 3491 17
317 3432 464 3504 ἀνέλοντο]
483 3434 675 3508 προυβάλοντο
689 3434 725 3500 Β,
745 3437 870 3489 ceterum
889 3451 984 3488 versus
998 3435 1136 3492 conflatus

118 3511 216 3564 estex
233 3507 267 3564 st
288 3527 307 3561 α
327 3509 428 3567 449„et
446 3511 498 3560 458
580 3512 614 3560 24
634 3504 795 3575 σφάξαντες
810 3501 895 3560 εὑσαν
914 3505 1045 3576 ἀπαρχάσ
1062 3527 1092 3562 τε
1110 3510 1136 3563 A
