2660 3976
555 238 723 286 -Η-

67 391 194 462 1514οὑν
217 393 267 462 ἐπ’
294 395 397 462 αὑτὸν
421 397 456 462 οί
476 405 534 482 τῆς
560 396 810 484 ἀριστοκρατίας
837 398 996 484 ἡγεμόνες
1018 399 1147 467 ἐκείνου

130 499 191 587 μὲν
214 501 371 588 ἐξέβαλον
395 501 431 568 ἐκ
457 511 516 587 τῆς
537 506 679 588 πόλεως,
707 502 802 569 αὑτοὶ
830 500 867 569 δέ
889 506 930 570 τά
952 507 1048 571 κοινά
1070 531 1147 572 κατ-

130 607 228 695 έσχον
251 609 389 696 ἀρίστην
411 608 468 675 καὶ
491 610 781 695 σωφρονεστάτην,
805 611 849 688 ὡς
868 611 1009 688 άπαντες
1027 611 1146 697 ὁμολο-

129 723 238 801 γοῦσι,
259 717 543 802 καταστησάμενοι
564 719 744 782 πολιτείαν.
791 719 924 804 χρόνοις
947 715 977 782 δ’
1003 718 1043 784 οὑ
1066 725 1146 785 πολ-

128 827 197 899 λοῖς
220 833 288 888 τῶν
310 832 376 888 νῦν
397 824 572 907 πρότερον,
595 821 678 889 ἀλλὰ
702 827 815 909 τρίτον
833 823 854 908 ἢ
873 822 1030 910 τέταρτον
1051 824 1142 892 τοῦτ’
1173 847 1185 887 5

128 930 199 1006 ἔτος
219 929 256 994 οἱ
268 927 465 994 πενέστατοί
479 953 515 994 τε
533 927 588 994 καὶ
609 928 784 1015 ἀργότατοι
798 942 866 996 νῦν
880 937 1025 997 πολιτῶν
1043 953 1146 1018 πονη-

127 1047 197 1121 ροῖς
220 1037 425 1122 χρησάμενοι
447 1035 648 1120 προστάταις
666 1037 750 1101 ἀλλα
768 1059 803 1102 τε
825 1039 932 1104 πολλά
955 1036 1145 1125 ἐξύβρισαν,

125 1140 179 1206 καὶ
206 1149 422 1220 τελευτῶντες
448 1144 626 1209 καταλύειν
652 1145 714 1227 την
736 1143 990 1230 ἀριστοκρατίαν
1021 1144 1144 1232 ἐπεχεί-

126 1273 218 1333 ρουν.
269 1247 321 1334 ἐφ’
353 1241 403 1326 οἷς
430 1250 572 1326 ἅπαντες
598 1245 660 1334 μὲν
687 1251 723 1315 οί
747 1259 805 1334 τῆς
831 1254 957 1335 βουλῆς
983 1270 1144 1337 προεστη-
1247 1241 1255 1258 x

123 1358 216 1434 κότες
243 1357 390 1442 ἤχθοντο
418 1359 490 1441 καί,
522 1357 610 1434 ὅπως
636 1358 829 1422 παύσωνται
860 1365 919 1441 τῆς
949 1357 1078 1443 ὕβρεως
1110 1361 1145 1424 οί
1157 1379 1186 1419 ω

123 1471 297 1540 κινοῦντες
318 1465 379 1547 τὴν
401 1467 583 1548 πολιτείαν,
606 1475 742 1529 σκοπεῖν
762 1462 889 1546 ἠξίουν.
935 1459 1018 1548 ὑπὲρ
1038 1465 1178 1533 ἅπαν-5

123 1592 180 1647 τας
203 1567 243 1635 ὑὲ
264 1574 343 1647 τοὺς
367 1569 658 1656 ἀριστοκρατικοὺς
680 1569 716 1634 ἐκ
739 1567 801 1655 μὲν
824 1580 890 1636 τῶν
908 1568 1143 1658 πρεσβυτέρων

114 1674 256 1754 ’Ἀππιος
278 1675 362 1761 ἀνὴρ
386 1682 520 1743 πολλῶν
543 1674 633 1754 ἀξιος
656 1675 768 1742 ἕνεκεν
792 1676 1017 1761 ἐπαινεῖσθαι,
1046 1675 1082 1742 ἐκ
1106 1673 1143 1742 δὲ

121 1793 190 1848 τῶν
212 1782 385 1869 νεωτέρων
404 1783 483 1868 ἐγώ·
507 1781 563 1848 καὶ
581 1786 703 1866 λόγους
721 1781 925 1867 ἐποιούμεθα
945 1785 1002 1848 ὑιά
1019 1785 1144 1860 παντὸς

122 1887 175 1954 ἐπὶ
194 1899 252 1975 τῆς
269 1894 393 1974 βουλῆς
412 1888 612 1976 ἐλευθέρους
631 1889 672 1955 οὐ
691 1890 786 1979 δήμῳ
804 1896 1038 1974 πολεμοῦντες,
1057 1888 1141 1955 ἀλλὰ
1156 1910 1181 1950 15

120 2001 388 2084 πονηροκρατίαν
397 1997 623 2082 ὑφορώμενοι,
636 1992 717 2061 οὐδὲ
730 1998 1054 2062 καταδουλώσασθαί
1065 2020 1141 2061 τινα
1244 2008 1245 2012 ’

120 2104 322 2187 βουλόμενοι
344 2103 530 2189 Ῥωμαίων,
560 2101 644 2169 ἀλλὰ
666 2105 703 2168 τὸ
727 2098 789 2187 μὲν
813 2102 993 2188 ἐλεύθερον
1016 2104 1140 2168 ἅπασιν

53 2207 292 2287 1515άξιοῦντες
317 2210 495 2297 ὑπάρχειν,
527 2211 589 2294 τὴν
617 2206 654 2275 ὑλ
681 2213 885 2296 προστασίαν
917 2219 984 2275 τῶν
1016 2221 1141 2275 κοινῶν

119 2314 349 2383 ἀποδεδόσθαι
372 2329 443 2394 τοϊς
465 2321 640 2402 κρείττοσι.

186 2421 245 2488 VI.
282 2421 388 2488 Ταῦθ’
420 2424 563 2510 ὁρῶντες
592 2424 628 2488 οί
651 2425 872 2509 πονηρότατοι
899 2432 959 2488 τοῦ
986 2426 1139 2508 πλήθους
1153 2443 1179 2482 20

118 2527 243 2596 ἐκείνοι
269 2529 450 2614 προστάται
477 2531 630 2616 πρώτους
656 2532 807 2612 ἔγνωσαν
833 2528 916 2614 ἡμᾶς
938 2533 1015 2607 τοὺς
1037 2555 1138 2615 φανε-

116 2638 248 2722 ρώτατα
282 2624 559 2721 ἐναντιουμένους
590 2638 706 2721 σφίσιν
739 2634 890 2701 ἐκποδὼν
913 2638 1139 2721 ποιήσασθαι,

116 2743 179 2829 οὑχ
202 2741 258 2827 ἀμ’
280 2742 481 2831 ἀμφοτέροις
505 2742 781 2829 ἐπιχειρήσαντες,
804 2743 924 2827 ἵναμὴ
947 2743 1138 2828 ἐπίφθονόν

114 2871 149 2914 τε
179 2848 235 2914 καὶ
263 2853 349 2937 βαρὺ
377 2851 414 2915 τὸ
443 2859 577 2938 πρᾶγμα
604 2848 753 2933 γένηται,
786 2845 857 2915 ἀλλ’
885 2847 940 2914 ἀπ’
967 2849 1049 2934 ἐμοῦ
1078 2853 1163 2915 τοῦ

112 2954 282 3042 νεωτέρου
309 2981 344 3022 τε
374 2955 429 3022 καὶ
459 2954 823 3042 εὐμεταχειριστοτέρου
860 2953 1048 3042 ἀρξάμενοι.
1098 2958 1135 3021 τὸ
1150 2972 1176 3013 25

113 3059 176 3146 μὲν
210 3058 273 3129 οὖν
306 3075 439 3149 πρῶτον
474 3065 610 3149 ἄκριτόν
641 3085 681 3146 με
719 3060 934 3149 ἐπεχείρησαν
966 3061 1135 3146 ἀπολέσαι,

186 3297 221 3346 10
239 3291 398 3346 παύσονται
416 3307 439 3347 ο.
459 3291 589 3345 Hertlein
606 3289 722 3345 Hermen
741 3291 765 3344 X
786 3307 813 3356 p.
829 3296 881 3344 417
961 3295 993 3344 12
1012 3293 1138 3364 πρεσβυ-

111 3363 203 3417 τάτων
224 3361 246 3417 O
267 3379 336 3417 corr.
356 3361 460 3417 Reiske
553 3368 586 3416 13
605 3359 761 3416 Ι’ἐνεκαΑ
785 3359 865 3416 ἐνικα
884 3361 907 3414 Β
931 3359 977 3416 ἕνε
1001 3382 1020 3415 οι
1039 3378 1096 3418 om.
1117 3361 1137 3416 C

111 3433 175 3490 add.
195 3433 271 3503 Omg
290 3431 387 3488 ἕνεκεν
405 3451 457 3504 ego
531 3440 563 3488 1'1
579 3432 744 3506 βουλόμενοι
756 3432 821 3486 add.
836 3433 858 3486 B
932 3434 1139 3500 18κόιξιοῦντες

109 3503 161 3572 τὴν
181 3505 204 3558 Β
223 3506 369 3572 ἀξιοῦντες
388 3502 462 3576 ἔχειν
480 3505 532 3575 τὴν
550 3504 575 3558 R
593 3505 620 3562 ἀ.
639 3503 776 3575 ὑπάρχειν
795 3503 846 3573 τὴν
865 3503 968 3560 Reiske

935 3595 973 3650 9*
