2656 3974
551 243 718 297 -Θ-
1077 241 1142 308 321

8 477 10 504 3
124 408 294 495 παρουσίμ
324 415 392 471 τῶν
424 403 594 493 σφετέρων
625 403 879 493 ὑποστρέφουσί
902 428 938 470 τε
965 403 1020 470 καὶ
1047 429 1147 471 κατα-

126 514 263 591 στάντες
298 511 469 597 ἐμάχοντο.
522 511 751 594 κυκλωθέντες
787 511 819 578 δ’
854 509 912 579 ὑπ’
949 512 1076 598 ἀμφοῖν
1112 514 1149 578 ολ

8 617 10 688 λ
131 617 300 707 Τυρρηνοὶ
326 617 382 686 καὶ
409 620 486 686 οὐτε
513 623 628 705 πρόσω
656 621 937 704 διεκπορευθῆναι
962 618 1145 703 δυνάμενοι

126 729 185 793 διά
214 729 292 804 τούς
320 727 422 812 ὁμόσε
449 735 656 813 χωροῦντας,
687 723 757 792 οὐτ’
787 727 892 793 ὀπίσω
922 726 1061 810 φεύγειν
1090 723 1145 790 ἐπὶ

8 895 9 900 ,
126 836 188 900 τὸν
209 833 337 920 χάρακα
360 833 417 898 διὰ
439 835 518 910 τούς
534 834 674 897 κατόπιν
692 831 857 917 ἐπιόντας,
879 831 941 898 οὐκ
958 831 1145 918 ἀνάνδρως,
1173 855 1188 896 5

8 925 10 996 ῗ
127 939 256 1025 ἀτυχῶς
278 936 309 1004 δ’
336 939 372 1005 οί
390 941 526 1016 πλείους
547 941 784 1023 κατεκόπησαν.
820 937 1001 1024 γενομένης
1022 934 1053 1004 δ’
1077 941 1181 1010 οἰκ-6

8 1037 9 1086 λ
126 1055 208 1132 τρᾶς
234 1049 328 1130 νίκης
354 1043 431 1132 περὶ
457 1048 536 1122 τούς
558 1041 755 1130 Ῥωμαίους,
780 1044 837 1112 καὶ
864 1046 906 1112 οὐ
934 1047 1145 1113 παντάπασιν

8 1141 9 1214 ξ
126 1148 265 1237 εὐτυχὲς
295 1151 390 1229 τέλος
420 1154 595 1237 εἰληφότος
623 1161 684 1219 τοῦ
714 1152 843 1236 ἀγῶνος
872 1154 908 1219 οί
935 1149 996 1238 μέν
1024 1153 1146 1220 ὐπατοι

8 1253 10 1264 “
127 1262 193 1347 πρὸ
212 1269 280 1324 τῶν
297 1269 427 1345 νεκρῶν
443 1258 888 1345 καταστρατοπεδευσάμενοι
905 1259 967 1342 την
985 1257 1146 1326 ἐπιοῦσαν

127 1347 233 1432 νύκτα
259 1363 456 1449 ηὐλίσαντο,
483 1365 521 1430 ολ
540 1359 578 1431 δὲ
600 1362 792 1449 κατέχοντες
813 1365 852 1430 τδ
871 1361 1035 1432 Ἰάνικλον
1062 1369 1189 1453 Pup-10

128 1474 244 1558 ρηνοί,
271 1470 384 1556 ἐπειδὴ
413 1469 553 1555 οὐδεμία
576 1471 664 1557 παρά
686 1481 754 1536 τῶν
776 1476 914 1536 οἴκοθεν
936 1473 1054 1556 ἤρχετο
1078 1470 1148 1537 έπι-

8 1607 10 1666 3
127 1582 261 1665 κουρία,
282 1583 475 1644 καταλιπεῖν
498 1580 634 1664 ἔκριναν
654 1580 692 1644 τὸ
710 1578 888 1665 φρούριον,
910 1575 966 1644 καί
985 1577 1147 1664 ἀναστρα-

128 1673 388 1761 τοπεδεύσαντες
427 1685 548 1761 νυκτὸς
583 1683 715 1770 ἀπῆραν
752 1686 799 1762 είς
835 1686 896 1770 τὴν
935 1685 1148 1751 Οὐιεντανῶν

58 1795 226 1859 1816πόλιν
249 1790 417 1874 ἐγγυτάτω
440 1794 537 1876 σφίσι
558 1800 627 1856 τῶν
650 1791 869 1877 Ίύρρηνίδων
890 1795 1022 1859 πόλεων
1041 1791 1148 1877 κειμέ-

8 1987 9 1990 Ὶ
129 1923 203 1984 νην.
248 1907 309 1964 τοῦ
338 1894 375 1963 δέ
398 1898 541 1984 χάρακος
563 1895 674 1964 αὐτῶν
697 1897 734 1963 οί
748 1895 903 1983 Ῥωμαῖοι
926 1902 1148 1983 κρατήσαντες
1162 1883 1189 1996 175

8 2007 10 2088 'j
129 2007 171 2072 τά
189 2027 224 2071 τε
242 2007 391 2092 χρηματα
410 2005 661 2090 διαρπάζουσιν,
681 2005 743 2071 ὅσα
761 2005 980 2072 ὑπελείποντο
998 2005 1147 2071 ἀδύνατα

130 2115 213 2180 ὄντα
240 2111 278 2177 έν
304 2120 395 2198 φυγῇ
422 2110 601 2197 φέρεσθαι,
629 2109 685 2178 καὶ
712 2115 913 2199 τραυματίας
939 2111 1147 2196 λαμβάνουσι

9 2267 10 2290 1
129 2219 288 2302 πολλούς,
304 2221 383 2296 τούς
400 2213 461 2302 μὲν
481 2217 518 2284 ἐν
535 2229 607 2295 ταῖς
624 2227 761 2301 σκηναῖς
775 2216 1053 2304 ἀπολειφθέντας,
1070 2220 1148 2295 τούς

9 2347 11 2390 ι
131 2323 161 2392 δ’
186 2325 249 2391 ἀνά
271 2325 333 2408 τὴν
351 2325 434 2391 ὁδὸν
451 2326 583 2395 ἅπασαν
600 2322 837 2410 ἐστρωμένους.
873 2324 1065 2409 ἀντείχοντο
1084 2325 1183 2410 γάρ8

129 2455 221 2509 τινες
254 2433 445 2516 γλιχόμενοι
476 2441 535 2516 τῆς
566 2433 680 2498 οἴκαδε
712 2431 796 2498 όδοῦ
826 2429 882 2496 καλ
914 2430 1148 2518 διεκαρτέρουν
1162 2463 1190 2501 ιο

130 2539 221 2625 παρὰ
249 2537 394 2622 δύναμιν
420 2536 702 2622 ἀκολουθοῦντες,
728 2532 798 2603 εἶτα
825 2537 1067 2624 βαρυνομένων
1089 2538 1149 2603 αὐ·

130 2657 204 2723 τοῖς
225 2655 292 2710 τῶν
311 2649 422 2729 μελῶν
438 2645 622 2730 ἡμιθνῆτες
640 2642 820 2730 κατέρρεον
838 2642 892 2710 ἐπὶ
910 2646 972 2729 τὴν
990 2651 1067 2728 γῆν·
1091 2643 1150 2720 οὐς

132 2753 170 2818 ολ
188 2763 256 2817 τῶν
274 2749 443 2837 Ῥωμαίων
467 2751 575 2827 ἱππεῖς
596 2748 651 2816 ἐπὶ
673 2752 760 2816 πολὺ
783 2759 841 2834 τῆς
863 2751 946 2817 ὁδοῦ
964 2752 1150 2837 προελθόν-

130 2881 186 2935 τες
212 2856 398 2924 ἀνείλουτο·
428 2854 483 2922 καὶ
510 2855 623 2940 ἐπειδὴ
647 2852 749 2922 οὐδέν
772 2858 821 2922 ἔτι
842 2855 1005 2942 πολέμιον
1026 2851 1070 2942 ἦν
1092 2881 1150 2922 κα-

131 2967 291 3041 θελόντες
312 2967 350 3030 τὸ
373 2965 540 3050 φρούριον
562 2961 676 3030 καὶτὰ
694 2964 828 3050 λάφυρα
846 2966 983 3048 άγοντες
1001 2959 1083 3050 ἧκον
1102 2966 1150 3041 είς
1164 2991 1192 3032 ιτ

132 3073 194 3156 τὴν
218 3072 389 3154 πόλιν,τά
413 3073 547 3155 σώματα
569 3081 636 3137 τῶν
659 3069 697 3137 έν
719 3080 758 3157 τῇ
777 3071 864 3158 μάχη
882 3071 1150 3156 τελευτησάντων

132 3181 327 3262 κομίσαντες
349 3179 485 3264 οίκτράν
507 3179 588 3257 όφιν
610 3179 713 3243 άπασι
734 3188 804 3254 τοῖς
826 3182 976 3258 πολίταις
994 3179 1051 3242 διὰ
1068 3182 1151 3262 πλη-

206 3377 222 3425 3
242 3369 425 3442 διαπο<ρενθ
445 3367 515 3441 ν>αι
532 3369 580 3423 Bb
667 3377 683 3425 6
703 3367 857 3444 οίκ<τρ>ολς
874 3370 922 3424 Bb
1011 3376 1043 3425 12
1063 3389 1151 3424 κατα-

133 3439 241 3498 λείπειν
259 3440 307 3495 Ba
380 3446 412 3496 18
426 3376 464 3496 ἀν
481 3447 544 3504 ταῖς
562 3447 679 3510 σκηναῖς
697 3458 751 3497 om.
766 3442 813 3496 Ba
886 3448 919 3497 19
938 3442 1085 3512 ἀνείχοντο
1104 3442 1151 3496 vel

134 3514 265 3584 ἀντεῖχον
283 3529 307 3567 c.
321 3511 465 3581 Kiessling

187 3613 289 3655 mom.
302 3613 368 3655 Ηεο.
377 3612 421 3654 111.
449 3623 489 3653 ιω.
504 3613 606 3656 θεοοωτ.
955 3608 988 3656 21
