2660 3976
552 261 720 310 ..H.-

125 422 255 503 λόγων,
283 419 343 497 οὑς
369 419 463 504 ὑμείς
491 421 527 486 οἱ
550 421 590 486 τά
613 421 765 488 πολιτικά
788 421 986 507 πράττοντες
1013 419 1142 506 μάλιστ’

126 525 371 610 (ἐπίστασθε),
401 533 469 594 ίστε
492 527 543 593 ὅτι
565 536 627 594 τοὺ
649 550 683 593 τε
707 527 910 613 αὐχήματος,
938 524 989 612 ἐφ’
1017 523 1059 593 οὑ
1081 538 1146 595 νῦν

125 634 229 716 εἰσιν,
261 629 392 711 ἑκόντες
418 634 645 719 ὑποβήσονται
673 632 728 700 καί
759 637 959 718 ποιήσουσιν
992 633 1146 713 ἐξουσίαν

126 756 181 806 σοι
209 749 271 805 τοῦ
297 740 469 827 πράττειν,
497 740 515 806 ό
542 765 575 806 τι
598 740 645 805 ἀν·
669 741 781 819 αὑτοῖς
808 741 1045 829 ὑπολαμβάνῃς
1068 757 1147 810 συν-

126 850 246 912 οίσειν.
292 844 351 910 ἐάν
374 841 406 910 δ’
434 844 679 933 ἀντιπράττωσί
698 864 753 913 σοι
780 846 835 914 καλ
859 851 936 926 τοὺς
959 851 1079 932 λόγους
1101 815 1186 931 μὴὸ,

125 949 378 1039 προσδέχωνται
406 964 477 1030 ταῖς
500 954 556 1018 διὰ
580 949 617 1018 σε
640 951 696 1018 καὶ
719 955 775 1019 διὰ
797 955 860 1038 τὴν
881 955 1063 1040 ἡγεμονίαν
1076 954 1147 1037 τὴν

127 1061 193 1143 σὴν
221 1055 418 1143 γενομέναις
444 1057 520 1144 περὶ
548 1059 670 1136 αὐτούς
692 1061 807 1146 τύχαις
828 1060 873 1137 ὡς
895 1059 947 1125 ἀεὶ
971 1061 1147 1145 διαμενού-
1186 1109 1188 1113 -

127 1183 203 1244 σαις
226 1165 451 1251 ἐπαιρόμενοι,
473 1174 530 1249 τῆς
553 1170 750 1253 στρατηγίας
768 1167 882 1244 αὐτοῖς
902 1167 1065 1252 ἀφίστασο
1084 1191 1148 1252 φα-

67 1283 252 1360 ιολονερῶς,
278 1270 334 1337 καί
361 1274 441 1356 μήτε
467 1273 633 1358 προδότης
662 1276 760 1356 γίνου
785 1277 854 1339 ’τῶν
880 1275 1147 1339 πεπιστευκότων

127 1381 209 1465 μήτε
242 1377 398 1463 πολέμιος
424 1389 491 1444 τῶν
524 1378 807 1464 ἀναγκαιοτάτων·
840 1375 956 1464 ἀσεβές
983 1379 1046 1464 γάρ
1074 1374 1147 1443 ἕκά-
1162 1401 1187 1440 ιο

127 1508 237 1572 τερον.
268 1494 370 1552 ταῦτα
387 1485 457 1570 ἥκω
478 1485 618 1572 δεομένη
634 1503 696 1552 σου
714 1484 874 1570 γενέσθαι
892 1509 949 1570 μοι
966 1485 1055 1570 παρὰ
1074 1494 1147 1564 σοῦ,

128 1594 263 1679 Μάρκιε
289 1589 425 1677 τέκνον,
452 1589 523 1660 οὔτ’
550 1591 711 1676 ἀδύναθ’,
732 1593 778 1670 ὡς
805 1596 847 1658 σὺ
875 1589 956 1680 φῄς,
983 1591 1090 1674 πάσης
1116 1588 1144 1655 τ’

130 1698 253 1766 ἀδίκου
275 1700 331 1764 καί
354 1697 494 1765 ἀνοσίου
518 1701 739 1782 συνειδήσεως
760 1699 902 1787 καθαρά.
1089 1735 1095 1745 ·

200 1803 432 1870 XXXXVHII.
476 1803 574 1892 Φέρε,
597 1805 681 1870 ἀλλά
705 1805 807 1884 δόξαν
830 1806 971 1894 αίσχράν
994 1810 1148 1872 οἴσεσθαι

132 1910 302 1995 δέδοικας,
330 1910 389 1976 ἐάν
413 1910 434 1976 ἀ
461 1916 639 1997 παρακαλῶ
663 1929 699 1977 σε
722 1913 879 1999 πράττης,
907 1912 951 1988 ὡς
973 1910 1149 1995 ἀχάριστος
1162 1932 1188 1972 15
1302 1978 1303 2002 χ

130 2021 179 2097 είς
205 2021 285 2095 τούς
311 2016 485 2103 εὐεργέτας
507 2017 841 2105 ἐξελεγχθησόμενος,
872 2021 907 2085 οἵ
928 2034 964 2083 σε
987 2014 1148 2102 πολέμιον

131 2128 213 2191 ὄντα
240 2122 480 2209 ὑποδεξάμενοι
507 2125 642 2190 πάντων
669 2123 859 2210 μετέδωκαν
882 2117 929 2188 ὧν
951 2134 1021 2200 τοῖς
1048 2123 1148 2208 φύσει

131 2234 281 2308 πολίταις
303 2229 454 2316 μέτεστιν
477 2229 629 2315 ἀγαθῶν·
651 2241 755 2298 ταῦτα
776 2232 839 2318 γάρ
858 2229 960 2314 ἐστιν,
982 2229 1003 2295 ὑ
1022 2229 1148 2313 μεγάλα

132 2349 238 2416 ποιεῖς
261 2349 333 2416 τοῖς
360 2341 473 2422 λόγοις
498 2337 559 2403 ἀεί.
610 2338 672 2404 οὑκ
704 2337 919 2415 ἀποδέδωκας
946 2332 1008 2403 οὖν
1036 2336 1183 2413 αύτοίς2

132 2446 257 2522 πολλάς
282 2442 337 2512 καὶ
365 2444 466 2522 καλάς
493 2443 633 2529 ἀμοιβάς
659 2444 715 2510 καὶ
742 2448 917 2529 νενίκηκας
949 2443 1073 2533 ἀπείρῳ
1106 2445 1148 2526 δη
1162 2465 1189 2504 εο

133 2576 198 2617 τινι
222 2549 357 2637 μεγέθει
385 2548 440 2617 καὶ
468 2553 591 2634 πλήθει
620 2555 765 2638 χαρίτων
792 2553 850 2629 τὰς
877 2550 910 2629 ἐξ
934 2549 1072 2616 ἐκείνων
1095 2549 1149 2614 εὐ·

134 2658 296 2744 εργεσίας;
322 2657 381 2734 οὑς
403 2656 574 2742 ἀγαπητὸν
595 2654 802 2741 ἡγουμένους
825 2654 879 2722 καὶ
902 2657 1037 2721 πάντων
1058 2652 1148 2739 μέγι-

135 2779 213 2830 στον
237 2763 389 2847 ἀγαθῶν,
412 2761 470 2828 ἐάν
494 2759 674 2846 ἐλευθέρας
697 2763 812 2829 οἰκῶσι
835 2763 893 2840 τὰς
913 2763 1084 2848 πατρίδας,
1108 2761 1149 2827 οὐ

137 2873 241 2954 μόνον
274 2869 402 2936 ἑαυτῶν
433 2872 571 2955 κυρίους
602 2864 689 2933 εἶναι
719 2871 861 2953 βεβαίως
892 2869 1148 2953 παρεσκεύακας,

206 3103 220 3152 1
235 3097 379 3168 *μάλιστα
395 3099 451 3152 ἴστε
467 3096 509 3152 ότι
523 3105 573 3151 τοῦ
586 3115 615 3151 τε
628 3095 788 3168 αὐχήματος
802 3096 824 3152 0
840 3117 867 3167 μ.
881 3097 1048 3167 προχείρους
1062 3093 1147 3165 ἔχετε,

136 3165 166 3222 εὑ
194 3170 255 3224 ίσθι
282 3167 325 3223 ὅτι
349 3165 426 3224 τοῦτ’
456 3167 616 3238 αὐχήματος
646 3185 669 3224 ο.
698 3167 800 3223 Reiske
833 3188 860 3238 μ.
894 3165 1063 3233 σπουδάζετε
1092 3167 1149 3236 (vel

136 3240 263 3311 ἀσκεῖτε),
283 3242 353 3308 ίσθι,
373 3240 416 3295 ὅτι
433 3248 483 3294 τοῦ
501 3238 528 3294 τ’
545 3239 705 3310 αὐχήματος
723 3257 745 3294 ο.
762 3238 886 3294 Sintenis
904 3239 964 3293 Em.
984 3237 1066 3294 Dion.
1085 3238 1098 3292 Ι
1114 3245 1147 3292 22

137 3309 241 3379 μάλιστ’
264 3307 430 3379 ἐπίστασθε,
455 3312 511 3366 ἐστε
535 3328 588 3381 ego
678 3318 694 3366 3
713 3309 933 3434 ὑποβήσονταιχς
941 3309 1149 3377 ἀποστήσονται

138 3397 161 3437 ο.
178 3381 306 3437 Hertlein
324 3382 441 3437 Hermes
460 3381 486 3435 X
500 3389 552 3436 417
626 3386 659 3435 14
678 3383 851 3437 ἀποίσεσθαι
870 3397 893 3436 ο.
934 3380 1052 3451 iessling
1115 3386 1148 3434 15

139 3451 324 3577 ὑεαμικέἱο.
345 3457 389 3508 Ba
488 3459 521 3507 21
542 3453 590 3508 καὶ
608 3453 712 3519 πλήθει
732 3453 796 3508 add.
815 3453 838 3506 B
937 3457 972 3507 23
991 3452 1105 3522 ἀγαθὸν
1125 3451 1148 3506 Ο

138 3527 245 3592 praeter
707 3551 709 3556 ·
