2656 3974
187 239 252 305 326
613 241 777 294 -Θ-

186 402 243 469 καὶ
265 406 368 487 λόγον
391 403 555 469 ἀπαιτεῖτε
578 413 637 489 τῆς
660 406 868 491 στρατηγίας,
890 401 1020 488 ἕτοιμός
1039 404 1106 486 είμι
1124 398 1208 465 άπο-

187 515 411 596 λογήσασθαι·
442 513 474 577 εί
499 508 530 576 δ’
558 508 612 575 ἐπὶ
638 513 802 596 τιμωρίαν
829 507 1119 595 κατεγνωσμένην,
1149 505 1207 574 καὶ
1320 559 1321 638 ρ

187 615 290 685 οὐδὲν
320 621 410 684 ἔσται
439 642 496 703 μοι
525 617 628 685 πλέον
658 617 888 702 ἀποδείξαντι,
917 618 962 694 ὡς
989 613 1091 682 οὐδὲν
1117 615 1208 700 ὑμᾶς
1320 639 1321 731 η

187 726 303 811 ἀδικῶ,
327 727 485 810 λαβόντες
505 726 542 791 τὸ
562 736 656 810 σῶμα
675 724 693 790 ὅ
712 748 744 790 τι
762 725 864 790 πάλαι
883 724 1048 808 βούλεσθε
1067 729 1207 810 χρῆσθε.
1320 735 1321 818 η

151 813 265 928 Ξέμοί
284 856 318 912 τε
343 834 406 918 γάρ
428 843 578 917 κρεῖττον
601 829 723 921 ἀκρίτῳ
741 830 929 896 ἀποθανεῖν
948 835 1088 914 μᾶλλον,
1110 829 1131 913 ἢ
1151 833 1207 894 λύ-
1320 845 1321 870 δ

188 963 250 1023 γον
272 941 407 1024 τυχόντι
429 937 485 1004 καὶ
508 939 552 1024 μὴ
575 943 726 1004 πείσαντι
748 938 847 1023 ὑμᾶς·
875 937 1008 1022 δόξαιμι
1030 939 1093 1020 γὰρ
1117 935 1208 1019 <διν>

188 1049 252 1110 σὺν
281 1047 357 1132 δίκη
384 1046 539 1131 πάσχειν,
568 1046 587 1111 ὅ
610 1070 642 1112 τι
669 1047 713 1110 ἀν
735 1069 800 1130 μου
822 1055 1028 1128 καταγνῶτε,
1056 1042 1151 1128 ὑμεῖς
1171 1039 1202 1107 τ’

189 1151 226 1217 ἐν
254 1150 403 1219 ἐλάττονι
432 1155 523 1240 αίτίᾳ
549 1154 668 1218 ἔσεσθε
695 1151 900 1236 ἀφελόμενοί
923 1175 989 1236 μου
1015 1152 1075 1216 τὸν
1103 1153 1208 1233 λόγον

188 1262 260 1343 καί,
288 1258 325 1324 ἐν
352 1253 378 1347 ςδ
409 1257 491 1342 [καί]
520 1265 555 1324 εί
577 1283 609 1324 τι
637 1257 741 1324 ἀδικῶ
764 1259 851 1342 ὑμᾶς
873 1259 1000 1341 ἀδηλόν
1024 1256 1130 1340 ἐστιν,
1158 1259 1208 1322 ἔτι

149 1386 175 1425 10
188 1378 260 1444 ταῖς
282 1367 397 1451 ὀργαῖς
413 1367 638 1453 χαρισάμενοι.
675 1368 766 1430 ἔσται
785 1363 826 1430 δέ
841 1388 898 1449 μοι
916 1365 936 1448 ἡ
957 1364 1089 1430 διάνοια
1107 1363 1206 1448 ὑμῶν

189 1473 226 1539 ἐκ
252 1483 310 1558 τῆς
337 1473 524 1560 ἀκροάσεως
550 1475 757 1558 καταφανής,
784 1473 923 1561 θορύβῳ
946 1495 983 1536 τε
1005 1469 1061 1537 καὶ
1082 1471 1209 1558 ἡσυχίᾳ

188 1581 361 1664 εἰκάζοντι,
384 1583 526 1663 πότερον
544 1576 598 1644 ἐπὶ
615 1582 779 1663 τιμωρίαν
797 1577 817 1662 ἢ
836 1575 890 1642 ἐπὶ
910 1579 1008 1662 δίκην
1025 1575 1282 1660 κεκλήκατέιενε

154 1689 239 1771 3με.
280 1684 378 1752 Ταῦτ’
401 1687 505 1752 εἰπὼν
525 1683 654 1770 ἐπέσχε·
678 1695 773 1769 σιγης
796 1681 834 1750 δέ
857 1683 1039 1768 γενομένης
1060 1681 1117 1748 καὶ
1140 1693 1209 1748 τῶν

189 1796 352 1859 πλείστων
383 1792 621 1877 ἐμβοησάντων
647 1799 790 1878 θαρρεῖν
817 1815 852 1857 τε
879 1789 935 1856 καὶ
962 1790 1024 1856 ὅσα
1052 1791 1210 1874 βούλεται

151 1919 176 1959 1⁵
191 1899 316 1986 λέγειν,
343 1901 545 1986 παραλαβὼν
568 1902 628 1965 τὸν
652 1903 754 1982 λόγον
777 1899 878 1964 πάλιν
902 1896 1023 1975 ἔλεξεν·
1065 1893 1152 1961 Ἀλλ’
1178 1903 1215 1962 εί
1320 1911 1321 1984 ᾗ

189 2032 241 2073 τοι
264 2008 435 2084 δικασταῖς
458 2007 550 2092 ὑμῖν,
574 2001 599 2071 ὦ
622 2010 766 2090 πολῖται,
788 2003 843 2070 καὶ
866 2006 910 2090 μὴ
935 2004 1070 2090 ἐχθροῖς
1087 2006 1212 2089 χρήσο-
1320 1985 1321 2000 ¹

191 2140 264 2199 μαι,
296 2115 420 2202 ῥαδίως
448 2118 575 2179 πείσειν
605 2113 691 2198 ὑμᾶς
721 2118 848 2197 οίομαι,
879 2112 931 2177 ὅτι
961 2107 1063 2176 οὐδέν
1093 2109 1211 2174 ἀδικῶ.

190 2225 371 2306 ποιήσομαι
399 2217 436 2286 δέ
462 2221 525 2305 τὴν
551 2218 657 2306 ἀρχὴν
684 2230 752 2285 τῶν
781 2222 907 2302 λόγων,
937 2217 971 2296 ἐξ
995 2212 1044 2282 ὧν
1066 2218 1211 2294 άπαντες

193 2333 270 2392 ἐστε.
316 2327 380 2411 ε’γὼ
408 2327 568 2411 κατέστην
596 2324 650 2393 ἐπὶ
674 2328 735 2410 τὴν
759 2325 865 2412 ἀρχὴν
888 2327 952 2390 σὺν
975 2333 1020 2412 τςό
1045 2327 1210 2412 κρατίστῳ

152 2453 178 2494 20
194 2433 391 2522 Οὐεργινίῳ,
409 2429 488 2500 καθ’
505 2433 545 2500 ὃν
563 2437 687 2521 χρόνον
702 2432 957 2518 ἐπιτειχίσαντες
974 2431 1056 2515 ὑμῖν
1071 2431 1107 2495 οί
1122 2433 1211 2515 Τορ-

192 2538 289 2626 ρηνοὶ
320 2542 378 2606 τὸν
407 2537 491 2625 ὑπὲρ
522 2550 579 2624 τῆς
608 2543 735 2617 πόλεως
768 2541 875 2623 λόφον
909 2537 1016 2621 πάσης
1048 2535 1214 2617 ἐκράτουν

191 2657 249 2733 της
275 2649 446 2734 ὕπαιθρον
474 2648 621 2735 [ἀρχῆς],
647 2645 704 2712 καὶ
728 2645 765 2711 ἐν
790 2645 898 2711 ἐλπίδι
921 2639 1009 2729 ἦσαν
1031 2653 1092 2709 τοῦ
1114 2667 1215 2708 κατα-

193 2755 308 2821 λύσειν
331 2755 426 2839 ημῶν
448 2755 511 2838 τὴν
533 2753 640 2839 ἀρχὴν
663 2752 699 2818 έν
722 2752 823 2837 τάχει.
867 2753 963 2834 λιμὸς
985 2747 1023 2816 δὲ
1045 2752 1153 2827 πολὺς
1174 2748 1214 2814 ἐν

192 2871 231 2947 τῇ
255 2865 350 2927 πόλει
372 2859 428 2927 καὶ
447 2861 560 2939 στάσις
577 2857 633 2925 καὶ
650 2867 712 2926 τοῦ
730 2862 765 2925 τί
780 2860 842 2944 χρὴ
861 2857 1017 2943 πράττειν
1036 2855 1214 2940 ἀμηχανία.

154 3005 179 3044 2⁵
193 2970 356 3046 τοιούτοις
393 2969 434 3054 δη
471 2979 599 3053 καιροῖς
631 2965 763 3043 ἐπιστάς
795 2964 883 3030 οὕτω
916 2963 1122 3049 ταραχώδεσι
1139 2971 1141 2974 ’
1157 2960 1214 3027 καὶ
1320 3011 1321 3046 ,

267 3168 283 3217 5
298 3162 402 3236 ἀκρίτῳ
418 3159 482 3215 add.
497 3159 520 3213 B
577 3167 593 3214 6
607 3157 721 3229 δόξαιμι
734 3157 787 3227 γὰρ
803 3155 839 3212 διν
855 3157 888 3211 ού
903 3155 954 3210 σύν
969 3156 1035 3226 δίκη
1050 3171 1074 3209 ο.
1088 3153 1212 3226 Εοίεὶιολ
1289 3159 1291 3161 ’

194 3233 282 3288 verba
300 3233 366 3288 inde
386 3233 422 3287 ab
441 3229 556 3301 δόξαιμι
574 3247 663 3300 usque
682 3229 720 3283 ad
737 3231 810 3298 ὑμᾶς
823 3246 849 3282 v.
865 3232 881 3280 9
897 3242 952 3282 om.
965 3227 1012 3280 Βε
1030 3225 1095 3280 add.
1111 3226 1216 3295 Bbmg

195 3303 313 3374 8λόγον
333 3299 363 3359 ἐν
382 3297 404 3376 ᾧ
423 3306 447 3357 Α
467 3307 490 3358 λ.
509 3304 558 3357 καλ
577 3297 608 3357 ἐν
627 3295 691 3375 ᾦΒ
771 3299 856 3355 9καλ
873 3301 940 3368 ante
959 3299 990 3352 εί
1003 3317 1030 3352 τι
1048 3296 1103 3352 del.
1123 3295 1216 3352 Cobet

195 3376 261 3432 obs.
279 3395 306 3446 p.
323 3381 374 3430 178
448 3380 481 3428 16
500 3395 543 3429 τοι
563 3373 669 3430 οᾱδ.Β
742 3365 1105 3441 2ούμῶνΑΙοίοπι.Β
1179 3374 1215 3422 22

194 3448 283 3516 ἀρχῆς
301 3446 355 3501 del.
369 3444 473 3500 Reiske
490 3446 495 3516 Ι
510 3446 598 3500 verba
615 3444 682 3499 inde
702 3443 738 3497 ab
757 3443 845 3513 ἀρχῆς
862 3458 952 3510 usque
972 3440 1008 3494 ad
1026 3439 1078 3508 τὴν
1098 3456 1154 3495 om.
1168 3439 1217 3493 Βει

196 3519 261 3571 add.
280 3517 382 3584 Bbmg
407 3517 411 3587 1
436 3517 588 3572 καταλύειν
608 3515 630 3570 O
649 3512 801 3584 praeterC
