2660 3976
178 231 242 296 126
600 235 768 284 -Η-

175 393 231 460 καί
258 394 422 479 ἡγεμόνας
450 392 636 479 ἀπολέμους
664 389 768 479 εἶχεν,
795 389 880 460 δ’δὲ
902 393 1056 479 Μάρκιος
1084 395 1198 459 αἰτίαν

174 511 307 587 πρῶτον
326 499 407 589 ρ’ίετο
428 503 500 566 δεῖν
519 501 638 586 εὐσεβῆ
658 499 713 566 καὶ
733 503 866 565 δικαίαν
890 499 1114 585 ἐνστήσασθαι
1132 511 1196 566 τοῦ

173 607 321 693 πολέμου
345 607 525 690 διδάσκων,
549 608 594 684 ὡς
617 607 758 684 ἀπάσαις
781 603 842 691 μὲν
864 607 1001 692 πράξεσι
1018 605 1096 673 θεοὶ
1115 613 1195 672 συλ-

175 715 394 799 λαμβάνουσι,
417 715 557 799 μάλιστα
581 710 618 778 δὲ
642 726 713 792 ταίς
733 716 815 780 κατά
833 712 1009 798 πολέμους,
1032 713 1100 804 ὅσφ
1123 719 1195 798 μεί-

149 824 251 899 εζους
273 819 311 884 τέ
330 823 395 884 είσι
417 832 485 885 τῶν
508 822 620 886 ἀλλων
638 819 693 886 καὶ
712 813 760 898 είς
778 821 922 906 ἀδόλους
940 825 1078 905 φιλοῦσι
1095 844 1195 886 κατα-

175 929 333 1010 σκήπτειν
369 928 480 1010 τύχας.
535 927 718 1013 ἐτύγχανον
755 924 793 992 δὲ
829 930 902 993 τότε
929 925 1102 1012 Ῥωμαίοις
1137 925 1274 993 καὶ1507

177 1034 403 1110 Οὐολούσκοις
426 1033 601 1120 ἐκεχειρίαι
628 1045 688 1100 τοῦ
716 1032 863 1118 πολέμου
891 1031 946 1098 καί
970 1031 1088 1119 ἀνοχαὶ
1110 1035 1195 1118 πρὸς

175 1140 339 1222 ἀλλήλους
371 1135 468 1206 οὖσαι
501 1143 647 1206 σπουδαί
678 1164 712 1206 τε
747 1142 864 1218 διετεῖς
895 1141 997 1229 ὀλίγφ
1029 1143 1194 1226 πρότερον

140 1248 284 1334 3χρόυφ
312 1249 497 1330 γενόμεναι.
542 1245 621 1312 Ἐάν
648 1243 710 1332 μέν
738 1241 800 1312 οὐν
828 1245 1086 1332 ἀπερισκέπτως,
1118 1248 1194 1332 ἔφη,

135 1349 229 1418 1οκάύ
252 1353 309 1416 διδ
336 1353 456 1436 τάχους
482 1356 541 1419 τὸν
567 1357 714 1438 πόλεμον
742 1352 914 1440 ἐπιφέρῃς,
941 1363 1002 1418 τοῦ
1029 1353 1193 1418 λελύσθαι

173 1461 231 1536 τάς
257 1460 404 1536 σπονδάς
436 1467 540 1537 αίτιος
572 1463 629 1545 ἔσῃ
659 1459 714 1525 καὶ
744 1463 781 1526 τὸ
811 1461 988 1544 δαιμόνιον
1018 1459 1080 1545 οὐχ
1109 1458 1193 1538 ἕξεις

173 1565 321 1650 εὐμενές·
350 1565 409 1630 έάυ
438 1562 475 1630 δέ
501 1571 707 1653 περιμείνῃς,
739 1566 801 1644 ἕως
828 1567 949 1632 ἐκτείνοι
976 1576 1074 1633 τοῦτο
1096 1568 1192 1648 ποιή-

174 1689 289 1756 σωσιν,
312 1671 501 1756 ἀμύνεσθαι
519 1673 625 1752 δόξεις
643 1673 699 1738 καὶ
717 1673 912 1758 λελυμέναις
929 1675 1092 1750 σπουδαῖς
1112 1676 1192 1757 βοῃ-

172 1785 259 1843 θεῖν.
305 1779 394 1855 ὅπως
416 1777 447 1844 δ’
471 1779 513 1844 ἀν
530 1790 629 1846 τοῦτο
648 1781 790 1864 γένοιτο,
813 1777 868 1845 καὶ
892 1779 982 1856 ὅπως
1002 1778 1044 1843 ἀν
1068 1778 1191 1844 ἐκεῖνοι

133 1907 158 1947 15
173 1881 234 1969 μὲν
261 1885 396 1971 ἀρξειαν
423 1888 688 1970 παρασπονδεῖν,
719 1887 812 1972 ἡμεῖς
843 1883 881 1951 δὲ
909 1885 1067 1970 δόξαιμεν
1096 1885 1191 1950 ὅσιον

172 1989 227 2055 καὶ
255 1992 386 2057 δίκαιον
414 1991 583 2079 ἐπιφέρειν
609 1995 669 2059 τὸν
700 1997 862 2078 πόλεμον,
894 1993 958 2076 ἐγὼ
993 1996 1056 2058 σὺν
1083 1997 1190 2077 πολλῃ

172 2099 328 2181 φροντίδι
351 2097 527 2184 ἀνεύρηκα.
572 2101 627 2164 δεῖ
643 2097 674 2163 δ’
695 2098 753 2184 ὑφ’
775 2100 870 2184 ἡμῶν
889 2099 1011 2176 αὐτοὺς
1032 2098 1190 2181 ἐξαπάτῃ·
1256 2126 1257 2131 ’

136 2201 295 2278 4θέντας
321 2203 417 2289 ἀρξαι
444 2214 503 2288 τῆς
529 2210 745 2291 παρανομίας.
791 2206 809 2272 δ
834 2202 870 2270 δὲ
892 2208 1015 2291 τρόπος
1037 2213 1096 2289 τῆς
1118 2205 1190 2282 ἐξα-

171 2309 285 2393 πάτης,
304 2309 344 2374 δν
364 2309 427 2393 ἐγὼ
442 2310 522 2388 τέως
536 2307 596 2396 μέν
611 2312 800 2398 ἀπόρρητον
814 2311 999 2396 ἐφύλαττον
1013 2309 1190 2396 ἀναμένων

132 2439 158 2478 εο
172 2417 232 2480 τὸν
259 2418 382 2482 οἰκεῖον
410 2417 514 2482 αὐτοῦ
541 2421 675 2502 καιρόν,
702 2427 767 2484 νῦν
795 2415 833 2482 δὲ
856 2429 918 2484 σοῦ
943 2418 1190 2496 σπουδάζοντος

172 2523 272 2607 ἔργου
295 2524 430 2606 ἔχεσθαι
447 2529 573 2589 θάττον
593 2523 745 2609 ἐκφέρειν
763 2527 810 2601 είς
832 2524 934 2609 μέσον
954 2524 1190 2608 ἀναγκάζομαι,

88 2636 92 2659 “
170 2629 302 2694 τοιόσδε
325 2627 428 2694 ἐστίν·
452 2633 575 2707 θυσίας
598 2629 760 2696 ἐπιτελεῖν
777 2629 931 2716 Ῥωμαῖοι
955 2629 1114 2715 μέλλουσι
1133 2629 1188 2695 καὶ

170 2733 301 2818 ἀγῶνας
337 2737 432 2818 ἀγειν
468 2735 531 2802 ἀπὸ
567 2742 702 2802 πολλῶν
732 2737 909 2823 χρημάτων
942 2738 1073 2823 σφόδρα
1105 2743 1189 2822 λαμ-

169 2845 283 2926 προύς,
305 2841 483 2926 ἀφίξονταί
497 2865 531 2907 τε
549 2845 631 2908 κατά
649 2843 735 2908 θέαν
754 2843 807 2909 ἐπὶ
825 2846 964 2921 τούτους
981 2842 1100 2909 πολλοὶ
1119 2856 1188 2909 τῶν

130 2931 283 3046 2ἷζξέυων.
329 2952 450 3015 τοῦτον
477 2948 655 3034 ἀναμείνας
685 2953 743 3016 τὸν
765 2954 890 3036 χρόνον
913 2957 964 3016 ίθι
988 2949 1043 3015 καὶ
1066 2953 1107 3014 σύ
1130 2949 1188 3014 καὶ

172 3055 395 3121 Οὐολούσκων
424 3057 524 3133 όσους
552 3057 695 3121 δύνασαι
727 3060 901 3134 πλείστους
932 3057 1262 3142 παρασκεύασον1508

243 3293 253 3336 1
276 3282 552 3354 ἀπειροπολέμουςα
567 3284 710 3375 Kiessling
764 3292 780 3339 3
799 3284 917 3354 πράξεσι
933 3286 1059 3346 δικαίαις
1072 3283 1186 3352 Reiske,

169 3352 292 3444 ἀπάσμις
311 3354 362 3424 μὲν
380 3362 442 3418 ταῖς
461 3357 585 3418 δικαίαις
603 3354 763 3425 πράξεσιο.
779 3354 867 3410 Cobet
886 3354 990 3424 Obs,p
993 3361 1066 3410 ,152
1152 3362 1185 3410 12

169 3421 302 3497 ε’πιμένῃς
316 3429 340 3478 Α
358 3425 604 3518 περιμ<εί>νῃςΒ
697 3434 729 3481 13
744 3426 866 3500 δόξῃςΑ
883 3431 899 3516 Ι
929 3433 991 3489 ταῖς
971 3375 1185 3488 Ρσπονδυιίςο.

168 3481 312 3566 Kiessli'ng
386 3503 417 3550 18
438 3499 589 3566 ἀπατῃςο
608 3497 752 3566 Kiessling
824 3506 857 3553 21
878 3493 925 3551 ε’πί
944 3497 966 3551 O
987 3497 1026 3560 εἰς
1044 3497 1148 3551 Reiske
