<?xml version="1.0" encoding="UTF-8"?>
<!DOCTYPE html PUBLIC "-//W3C//DTD XHTML 1.0 Transitional//EN"
    "http://www.w3.org/TR/xhtml1/DTD/xhtml1-transitional.dtd">
<html xmlns="http://www.w3.org/1999/xhtml" xml:lang="en" lang="en">
 <head>
  <title>
</title>
<meta http-equiv="Content-Type" content="text/html;charset=utf-8" />
  <meta name='ocr-system' content='tesseract 3.04.00' />
  <meta name='ocr-capabilities' content='ocr_page ocr_carea ocr_par ocr_line ocrx_word'/>
</head>
<body>
  <div class='ocr_page' id='page_1' title='image "./dionysihalicarn00unkngoog_0144.png"; bbox 0 0 2660 3976; ppageno 0'>
   <div class='ocr_carea' id='block_1_1' title="bbox 179 230 769 296">
    <p class='ocr_par' dir='ltr' id='par_1_1' title="bbox 179 230 769 296">
     <span class='ocr_line' id='line_1_1' title="bbox 179 230 769 296; baseline -0.007 0"><span class='ocrx_word' id='word_1_1' title='bbox 179 232 243 296; x_wconf 82' lang='lat'><strong><em>132</em></strong></span> <span class='ocrx_word' id='word_1_2' title='bbox 601 230 769 278; x_wconf 85' lang='lat' dir='ltr'><strong><em>-H-</em></strong></span> 
     </span>
    </p>
   </div>
   <div class='ocr_carea' id='block_1_2' title="bbox 64 386 1320 3170">
    <p class='ocr_par' dir='ltr' id='par_1_2' title="bbox 64 386 1320 3141">
     <span class='ocr_line' id='line_1_2' title="bbox 179 386 1196 477; baseline -0.008 -18"><span class='ocrx_word' id='word_1_3' title='bbox 179 391 276 460; x_wconf 81' lang='grc' dir='ltr'><strong><em>ἔπειτ’</em></strong></span> <span class='ocrx_word' id='word_1_4' title='bbox 311 395 447 458; x_wconf 82' lang='grc' dir='ltr'><strong><em>ἔκδοτον</em></strong></span> <span class='ocrx_word' id='word_1_5' title='bbox 479 391 568 477; x_wconf 82' lang='grc' dir='ltr'><strong><em>παρὰ</em></strong></span> <span class='ocrx_word' id='word_1_6' title='bbox 595 399 653 475; x_wconf 89' lang='grc' dir='ltr'><strong><em>τής</em></strong></span> <span class='ocrx_word' id='word_1_7' title='bbox 680 392 803 473; x_wconf 87' lang='grc' dir='ltr'><strong><em>βουλής</em></strong></span> <span class='ocrx_word' id='word_1_8' title='bbox 829 387 947 473; x_wconf 77' lang='grc' dir='ltr'><strong><em>ἠξίουν</em></strong></span> <span class='ocrx_word' id='word_1_9' title='bbox 975 386 1029 453; x_wconf 83' lang='grc' dir='ltr'><strong><em>ἐπὶ</em></strong></span> <span class='ocrx_word' id='word_1_10' title='bbox 1056 386 1196 476; x_wconf 76' lang='grc' dir='ltr'><strong><em>ῦανάτφ</em></strong></span> 
     </span>
     <span class='ocr_line' id='line_1_3' title="bbox 178 491 1198 585; baseline -0.007 -19"><span class='ocrx_word' id='word_1_11' title='bbox 178 505 306 585; x_wconf 79' lang='grc' dir='ltr'><strong><em>λαβεῖν·</em></strong></span> <span class='ocrx_word' id='word_1_12' title='bbox 330 499 551 585; x_wconf 79' lang='grc' dir='ltr'><strong><em>ἀποτυχόντες</em></strong></span> <span class='ocrx_word' id='word_1_13' title='bbox 574 494 604 562; x_wconf 88' lang='grc' dir='ltr'><strong><em>δ’</em></strong></span> <span class='ocrx_word' id='word_1_14' title='bbox 632 493 829 581; x_wconf 81' lang='grc' dir='ltr'><strong><em>ἀμφοτέρων</em></strong></span> <span class='ocrx_word' id='word_1_15' title='bbox 851 492 1120 581; x_wconf 89' lang='grc' dir='ltr'><strong><em>προύκαλέσαντο</em></strong></span> <span class='ocrx_word' id='word_1_16' title='bbox 1142 491 1198 558; x_wconf 80' lang='grc' dir='ltr'><strong><em>ἐπὶ</em></strong></span> 
     </span>
     <span class='ocr_line' id='line_1_4' title="bbox 179 600 1199 692; baseline -0.009 -19"><span class='ocrx_word' id='word_1_17' title='bbox 179 610 294 692; x_wconf 90' lang='grc' dir='ltr'><strong><em>δίκην,</em></strong></span> <span class='ocrx_word' id='word_1_18' title='bbox 321 606 364 690; x_wconf 86' lang='grc' dir='ltr'><strong><em>ἠν</em></strong></span> <span class='ocrx_word' id='word_1_19' title='bbox 387 603 482 672; x_wconf 82' lang='grc' dir='ltr'><strong><em>αὐτοὶ</em></strong></span> <span class='ocrx_word' id='word_1_20' title='bbox 506 604 656 669; x_wconf 79' lang='grc' dir='ltr'><strong><em>δικάσειν</em></strong></span> <span class='ocrx_word' id='word_1_21' title='bbox 679 605 834 686; x_wconf 80' lang='grc' dir='ltr'><strong><em>ἔμελλον,</em></strong></span> <span class='ocrx_word' id='word_1_22' title='bbox 860 603 1061 687; x_wconf 78' lang='grc' dir='ltr'><strong><em>τυραννίδος</em></strong></span> <span class='ocrx_word' id='word_1_23' title='bbox 1084 600 1199 684; x_wconf 82' lang='grc' dir='ltr'><strong><em>ἐπιβα-</em></strong></span> 
     </span>
     <span class='ocr_line' id='line_1_5' title="bbox 146 706 1320 826; baseline -0.009 -46"><span class='ocrx_word' id='word_1_24' title='bbox 146 717 296 790; x_wconf 85' lang='grc' dir='ltr'><strong><em>2λόντες</em></strong></span> <span class='ocrx_word' id='word_1_25' title='bbox 319 716 439 778; x_wconf 88' lang='grc' dir='ltr'><strong><em>αίτίαν.</em></strong></span> <span class='ocrx_word' id='word_1_26' title='bbox 483 709 539 776; x_wconf 80' lang='grc' dir='ltr'><strong><em>καί</em></strong></span> <span class='ocrx_word' id='word_1_27' title='bbox 562 706 642 777; x_wconf 76' lang='grc' dir='ltr'><strong><em>οὐδέ</em></strong></span> <span class='ocrx_word' id='word_1_28' title='bbox 664 707 752 776; x_wconf 90' lang='grc' dir='ltr'><strong><em>τοῦτ’</em></strong></span> <span class='ocrx_word' id='word_1_29' title='bbox 781 713 923 793; x_wconf 77' lang='grc' dir='ltr'><strong><em>έμαθον,</em></strong></span> <span class='ocrx_word' id='word_1_30' title='bbox 951 709 1002 773; x_wconf 87' lang='grc' dir='ltr'><strong><em>ὅτι</em></strong></span> <span class='ocrx_word' id='word_1_31' title='bbox 1026 709 1118 796; x_wconf 82' lang='grc' dir='ltr'><strong><em>δήμιμ</em></strong></span> <span class='ocrx_word' id='word_1_32' title='bbox 1141 707 1201 771; x_wconf 88' lang='grc' dir='ltr'><strong><em>τύ-</em></strong></span> <span class='ocrx_word' id='word_1_33' title='bbox 1319 763 1320 826; x_wconf 73' lang='grc' dir='ltr'><strong><em>χ</em></strong></span> 
     </span>
     <span class='ocr_line' id='line_1_6' title="bbox 154 813 1320 908; baseline -0.006 -25"><span class='ocrx_word' id='word_1_34' title='bbox 154 843 304 908; x_wconf 78' lang='grc' dir='ltr'><strong><em>ιραννος</em></strong></span> <span class='ocrx_word' id='word_1_35' title='bbox 323 817 434 896; x_wconf 80' lang='grc' dir='ltr'><strong><em>οὐδεὶς</em></strong></span> <span class='ocrx_word' id='word_1_36' title='bbox 451 823 592 902; x_wconf 77' lang='grc' dir='ltr'><strong><em>πολεμεῖ</em></strong></span> <span class='ocrx_word' id='word_1_37' title='bbox 609 817 775 901; x_wconf 78' lang='grc' dir='ltr'><strong><em>μετὰτῶν</em></strong></span> <span class='ocrx_word' id='word_1_38' title='bbox 794 815 939 901; x_wconf 89' lang='grc' dir='ltr'><strong><em>ἀρίστων</em></strong></span> <span class='ocrx_word' id='word_1_39' title='bbox 959 815 1092 897; x_wconf 89' lang='grc' dir='ltr'><strong><em>συστάς,</em></strong></span> <span class='ocrx_word' id='word_1_40' title='bbox 1114 813 1202 879; x_wconf 85' lang='grc' dir='ltr'><strong><em>ἀλλά</em></strong></span> <span class='ocrx_word' id='word_1_41' title='bbox 1319 829 1320 906; x_wconf 68' lang='grc' dir='ltr'><strong><em>χ</em></strong></span> 
     </span>
     <span class='ocr_line' id='line_1_7' title="bbox 179 917 1320 1054; baseline -0.008 -61"><span class='ocrx_word' id='word_1_42' title='bbox 179 927 338 992; x_wconf 90' lang='grc' dir='ltr'><strong><em>τάναντία</em></strong></span> <span class='ocrx_word' id='word_1_43' title='bbox 361 926 441 1054; x_wconf 79' lang='grc' dir='ltr'><strong><em>μετὰ</em></strong></span> <span class='ocrx_word' id='word_1_44' title='bbox 463 932 524 991; x_wconf 91' lang='grc' dir='ltr'><strong><em>τοῦ</em></strong></span> <span class='ocrx_word' id='word_1_45' title='bbox 549 926 657 1009; x_wconf 91' lang='grc' dir='ltr'><strong><em>δήμου</em></strong></span> <span class='ocrx_word' id='word_1_46' title='bbox 679 926 717 990; x_wconf 85' lang='grc' dir='ltr'><strong><em>τὸ</em></strong></span> <span class='ocrx_word' id='word_1_47' title='bbox 740 923 917 1009; x_wconf 90' lang='grc' dir='ltr'><strong><em>κράτιστον</em></strong></span> <span class='ocrx_word' id='word_1_48' title='bbox 942 921 978 988; x_wconf 87' lang='grc' dir='ltr'><strong><em>ἐκ</em></strong></span> <span class='ocrx_word' id='word_1_49' title='bbox 996 931 1054 1006; x_wconf 85' lang='grc' dir='ltr'><strong><em>τής</em></strong></span> <span class='ocrx_word' id='word_1_50' title='bbox 1071 924 1202 998; x_wconf 86' lang='grc' dir='ltr'><strong><em>πόλεως</em></strong></span> <span class='ocrx_word' id='word_1_51' title='bbox 1319 917 1320 1012; x_wconf 77' lang='grc' dir='ltr'><strong><em>χ</em></strong></span> 
     </span>
     <span class='ocr_line' id='line_1_8' title="bbox 181 1024 1202 1118; baseline -0.005 -20"><span class='ocrx_word' id='word_1_52' title='bbox 181 1033 314 1118; x_wconf 82' lang='grc' dir='ltr'><strong><em>ἀναιρεῖ</em></strong></span> <span class='ocrx_word' id='word_1_53' title='bbox 339 1031 450 1117; x_wconf 80' lang='grc' dir='ltr'><strong><em>μέρος·</em></strong></span> <span class='ocrx_word' id='word_1_54' title='bbox 481 1027 753 1117; x_wconf 90' lang='grc' dir='ltr'><strong><em>δικαστήριόν’</em></strong></span> <span class='ocrx_word' id='word_1_55' title='bbox 724 1054 743 1094; x_wconf 91' lang='grc' dir='ltr'><strong><em>τ</em></strong></span> <span class='ocrx_word' id='word_1_56' title='bbox 784 1029 844 1114; x_wconf 82' lang='grc' dir='ltr'><strong><em>οὐχ</em></strong></span> <span class='ocrx_word' id='word_1_57' title='bbox 877 1024 1007 1115; x_wconf 82' lang='grc' dir='ltr'><strong><em>ὅπερ</em></strong></span> <span class='ocrx_word' id='word_1_58' title='bbox 987 1052 1031 1113; x_wconf 94' lang='grc' dir='ltr'><strong><em>ην</em></strong></span> <span class='ocrx_word' id='word_1_59' title='bbox 1057 1029 1202 1113; x_wconf 78' lang='grc' dir='ltr'><strong><em>πάτριον</em></strong></span> 
     </span>
     <span class='ocr_line' id='line_1_9' title="bbox 182 1130 1320 1242; baseline -0.003 -39"><span class='ocrx_word' id='word_1_60' title='bbox 182 1137 357 1204; x_wconf 86' lang='grc' dir='ltr'><strong><em>ἀπέδωκάν</em></strong></span> <span class='ocrx_word' id='word_1_61' title='bbox 379 1163 437 1223; x_wconf 91' lang='grc' dir='ltr'><strong><em>μοι</em></strong></span> <span class='ocrx_word' id='word_1_62' title='bbox 459 1139 520 1222; x_wconf 88' lang='grc' dir='ltr'><strong><em>τήν</em></strong></span> <span class='ocrx_word' id='word_1_63' title='bbox 500 1143 671 1222; x_wconf 84' lang='grc' dir='ltr'><strong><em>νλοχίτιν</em></strong></span> <span class='ocrx_word' id='word_1_64' title='bbox 693 1136 889 1213; x_wconf 77' lang='grc' dir='ltr'><strong><em>καλέσαντες</em></strong></span> <span class='ocrx_word' id='word_1_65' title='bbox 913 1135 1103 1219; x_wconf 82' lang='grc' dir='ltr'><strong><em>ἐκκλησίαν,</em></strong></span> <span class='ocrx_word' id='word_1_66' title='bbox 1122 1130 1198 1198; x_wconf 91' lang='grc' dir='ltr'><strong><em>ἀλλ’</em></strong></span> <span class='ocrx_word' id='word_1_67' title='bbox 1206 1151 1320 1242; x_wconf 77' lang='grc' dir='ltr'><strong><em>ισισχ</em></strong></span> 
     </span>
     <span class='ocr_line' id='line_1_10' title="bbox 183 1237 1202 1330; baseline -0.006 -20"><span class='ocrx_word' id='word_1_68' title='bbox 183 1245 200 1310; x_wconf 89' lang='grc' dir='ltr'><strong>ὃ</strong></span> <span class='ocrx_word' id='word_1_69' title='bbox 223 1246 345 1322; x_wconf 89' lang='grc' dir='ltr'><strong><em>πάντες</em></strong></span> <span class='ocrx_word' id='word_1_70' title='bbox 367 1245 569 1330; x_wconf 82' lang='grc' dir='ltr'><strong><em>ὁμολογοῦσι</em></strong></span> <span class='ocrx_word' id='word_1_71' title='bbox 590 1246 819 1330; x_wconf 89' lang='grc' dir='ltr'><strong><em>πονηρότατον</em></strong></span> <span class='ocrx_word' id='word_1_72' title='bbox 842 1237 928 1308; x_wconf 79' lang='grc' dir='ltr'><strong><em>εἶναι</em></strong></span> <span class='ocrx_word' id='word_1_73' title='bbox 956 1242 1202 1326; x_wconf 73' lang='grc' dir='ltr'><strong><em>[δικαστήριον]</em></strong></span> 
     </span>
     <span class='ocr_line' id='line_1_11' title="bbox 143 1341 1204 1437; baseline -0.002 -24"><span class='ocrx_word' id='word_1_74' title='bbox 143 1375 169 1414; x_wconf 91' lang='lat'><strong><em>10</em></strong></span> <span class='ocrx_word' id='word_1_75' title='bbox 182 1350 238 1418; x_wconf 85' lang='grc' dir='ltr'><strong><em>καὶ</em></strong></span> <span class='ocrx_word' id='word_1_76' title='bbox 256 1349 307 1418; x_wconf 84' lang='grc' dir='ltr'><strong><em>ἐπ’</em></strong></span> <span class='ocrx_word' id='word_1_77' title='bbox 326 1353 408 1437; x_wconf 91' lang='grc' dir='ltr'><strong><em>ἐμοῦ</em></strong></span> <span class='ocrx_word' id='word_1_78' title='bbox 425 1353 560 1437; x_wconf 85' lang='grc' dir='ltr'><strong><em>πρώτου</em></strong></span> <span class='ocrx_word' id='word_1_79' title='bbox 578 1349 634 1416; x_wconf 86' lang='grc' dir='ltr'><strong><em>καὶ</em></strong></span> <span class='ocrx_word' id='word_1_80' title='bbox 654 1354 762 1435; x_wconf 91' lang='grc' dir='ltr'><strong><em>μόνον</em></strong></span> <span class='ocrx_word' id='word_1_81' title='bbox 781 1352 975 1435; x_wconf 87' lang='grc' dir='ltr'><strong><em>γενόμενον,</em></strong></span> <span class='ocrx_word' id='word_1_82' title='bbox 998 1341 1078 1413; x_wconf 89' lang='grc' dir='ltr'><strong><em>έν</em></strong></span> <span class='ocrx_word' id='word_1_83' title='bbox 1054 1373 1080 1436; x_wconf 82' lang='grc' dir='ltr'><strong><em>φ</em></strong></span> <span class='ocrx_word' id='word_1_84' title='bbox 1098 1345 1204 1413; x_wconf 84' lang='grc' dir='ltr'><strong><em>πλέον</em></strong></span> 
     </span>
     <span class='ocr_line' id='line_1_12' title="bbox 184 1413 1320 1544; baseline -0.006 -21"><span class='ocrx_word' id='word_1_85' title='bbox 184 1461 271 1544; x_wconf 85' lang='grc' dir='ltr'><strong><em>ἐχειν</em></strong></span> <span class='ocrx_word' id='word_1_86' title='bbox 290 1461 429 1543; x_wconf 81' lang='grc' dir='ltr'><strong><em>ἔμελλον</em></strong></span> <span class='ocrx_word' id='word_1_87' title='bbox 445 1460 482 1525; x_wconf 87' lang='grc' dir='ltr'><strong><em>οί</em></strong></span> <span class='ocrx_word' id='word_1_88' title='bbox 496 1465 598 1542; x_wconf 77' lang='grc' dir='ltr'><strong><em>θῆτες</em></strong></span> <span class='ocrx_word' id='word_1_89' title='bbox 615 1456 671 1523; x_wconf 85' lang='grc' dir='ltr'><strong><em>καὶ</em></strong></span> <span class='ocrx_word' id='word_1_90' title='bbox 690 1455 836 1523; x_wconf 81' lang='grc' dir='ltr'><strong><em>ἀνέστιοι</em></strong></span> <span class='ocrx_word' id='word_1_91' title='bbox 853 1455 909 1522; x_wconf 86' lang='grc' dir='ltr'><strong><em>καὶ</em></strong></span> <span class='ocrx_word' id='word_1_92' title='bbox 927 1467 997 1532; x_wconf 79' lang='grc' dir='ltr'><strong><em>τοῖς</em></strong></span> <span class='ocrx_word' id='word_1_93' title='bbox 1014 1413 1205 1539; x_wconf 87' lang='grc' dir='ltr'><strong><em>ἀλλοτρίοις</em></strong></span> <span class='ocrx_word' id='word_1_94' title='bbox 1319 1455 1320 1462; x_wconf 72' lang='grc'>’</span> 
     </span>
     <span class='ocr_line' id='line_1_13' title="bbox 185 1557 1206 1649; baseline -0.009 -19"><span class='ocrx_word' id='word_1_95' title='bbox 185 1564 458 1649; x_wconf 80' lang='grc' dir='ltr'><strong><em>ἐπιβουλεύοντες</em></strong></span> <span class='ocrx_word' id='word_1_96' title='bbox 479 1569 567 1649; x_wconf 89' lang='grc' dir='ltr'><strong><em>βίοις</em></strong></span> <span class='ocrx_word' id='word_1_97' title='bbox 588 1574 656 1629; x_wconf 85' lang='grc' dir='ltr'><strong><em>τῶν</em></strong></span> <span class='ocrx_word' id='word_1_98' title='bbox 681 1563 819 1647; x_wconf 76' lang='grc' dir='ltr'><strong><em>ἀγαθῶν</em></strong></span> <span class='ocrx_word' id='word_1_99' title='bbox 841 1561 897 1628; x_wconf 82' lang='grc' dir='ltr'><strong><em>καὶ</em></strong></span> <span class='ocrx_word' id='word_1_100' title='bbox 923 1565 1062 1628; x_wconf 91' lang='grc' dir='ltr'><strong><em>δικαίων</em></strong></span> <span class='ocrx_word' id='word_1_101' title='bbox 1084 1557 1140 1626; x_wconf 83' lang='grc' dir='ltr'><strong><em>καὶ</em></strong></span> <span class='ocrx_word' id='word_1_102' title='bbox 1161 1561 1206 1624; x_wconf 88' lang='grc' dir='ltr'><strong><em>τά</em></strong></span> 
     </span>
     <span class='ocr_line' id='line_1_14' title="bbox 150 1666 1206 1754; baseline -0.012 -12"><span class='ocrx_word' id='word_1_103' title='bbox 150 1673 281 1742; x_wconf 88' lang='grc' dir='ltr'><strong><em>3κοινδι</em></strong></span> <span class='ocrx_word' id='word_1_104' title='bbox 305 1673 469 1749; x_wconf 74' lang='grc' dir='ltr'><strong><em>σώζεσθαι</em></strong></span> <span class='ocrx_word' id='word_1_105' title='bbox 491 1668 718 1754; x_wconf 84' lang='grc' dir='ltr'><strong><em>βουλομένων.</em></strong></span> <span class='ocrx_word' id='word_1_106' title='bbox 763 1679 904 1736; x_wconf 88' lang='grc' dir='ltr'><strong><em>τοσοῦτο</em></strong></span> <span class='ocrx_word' id='word_1_107' title='bbox 929 1666 959 1734; x_wconf 88' lang='grc' dir='ltr'><strong><em>δ’</em></strong></span> <span class='ocrx_word' id='word_1_108' title='bbox 982 1670 1047 1752; x_wconf 86' lang='grc' dir='ltr'><strong><em>ἀρα</em></strong></span> <span class='ocrx_word' id='word_1_109' title='bbox 1070 1691 1127 1752; x_wconf 91' lang='grc' dir='ltr'><strong><em>μοι</em></strong></span> <span class='ocrx_word' id='word_1_110' title='bbox 1146 1688 1206 1731; x_wconf 85' lang='grc' dir='ltr'><strong><em>πε-</em></strong></span> 
     </span>
     <span class='ocr_line' id='line_1_15' title="bbox 187 1769 1206 1865; baseline -0.006 -21"><span class='ocrx_word' id='word_1_111' title='bbox 187 1787 264 1862; x_wconf 84' lang='grc' dir='ltr'><strong><em>ριήν</em></strong></span> <span class='ocrx_word' id='word_1_112' title='bbox 286 1787 347 1843; x_wconf 90' lang='grc' dir='ltr'><strong><em>τοῦ</em></strong></span> <span class='ocrx_word' id='word_1_113' title='bbox 369 1773 475 1861; x_wconf 75' lang='grc' dir='ltr'><strong><em>μηδὲν</em></strong></span> <span class='ocrx_word' id='word_1_114' title='bbox 501 1775 641 1861; x_wconf 77' lang='grc' dir='ltr'><strong><em>ἀδικεῖν,</em></strong></span> <span class='ocrx_word' id='word_1_115' title='bbox 665 1774 742 1842; x_wconf 78' lang='grc' dir='ltr'><strong><em>ὥστ’</em></strong></span> <span class='ocrx_word' id='word_1_116' title='bbox 764 1777 802 1842; x_wconf 88' lang='grc' dir='ltr'><strong><em>ἐν</em></strong></span> <span class='ocrx_word' id='word_1_117' title='bbox 821 1777 908 1865; x_wconf 85' lang='grc' dir='ltr'><strong><em>όχλφ</em></strong></span> <span class='ocrx_word' id='word_1_118' title='bbox 931 1777 1139 1859; x_wconf 86' lang='grc' dir='ltr'><strong><em>κρινόμενος,</em></strong></span> <span class='ocrx_word' id='word_1_119' title='bbox 1161 1769 1206 1839; x_wconf 90' lang='grc' dir='ltr'><strong><em>οὗ</em></strong></span> 
     </span>
     <span class='ocr_line' id='line_1_16' title="bbox 148 1878 1207 1969; baseline -0.002 -23"><span class='ocrx_word' id='word_1_120' title='bbox 148 1907 173 1947; x_wconf 88' lang='lat'><strong><em>15</em></strong></span> <span class='ocrx_word' id='word_1_121' title='bbox 186 1887 224 1951; x_wconf 91' lang='grc' dir='ltr'><strong><em>τὸ</em></strong></span> <span class='ocrx_word' id='word_1_122' title='bbox 246 1883 350 1949; x_wconf 90' lang='grc' dir='ltr'><strong><em>πλέον</em></strong></span> <span class='ocrx_word' id='word_1_123' title='bbox 373 1887 595 1969; x_wconf 84' lang='grc' dir='ltr'><strong><em>μισόχρηστον</em></strong></span> <span class='ocrx_word' id='word_1_124' title='bbox 622 1878 665 1968; x_wconf 90' lang='grc' dir='ltr'><strong><em>ἠν</em></strong></span> <span class='ocrx_word' id='word_1_125' title='bbox 693 1880 749 1948; x_wconf 83' lang='grc' dir='ltr'><strong><em>καὶ</em></strong></span> <span class='ocrx_word' id='word_1_126' title='bbox 777 1883 833 1947; x_wconf 84' lang='grc' dir='ltr'><strong><em>διά</em></strong></span> <span class='ocrx_word' id='word_1_127' title='bbox 855 1879 945 1948; x_wconf 90' lang='grc' dir='ltr'><strong><em>τοῦτ’</em></strong></span> <span class='ocrx_word' id='word_1_128' title='bbox 971 1882 1096 1968; x_wconf 74' lang='grc' dir='ltr'><strong><em>ἐχθρὸν</em></strong></span> <span class='ocrx_word' id='word_1_129' title='bbox 1119 1880 1207 1965; x_wconf 87' lang='grc' dir='ltr'><strong><em>ἐμοί,</em></strong></span> 
     </span>
     <span class='ocr_line' id='line_1_17' title="bbox 188 1949 1320 2076; baseline -0.006 -18"><span class='ocrx_word' id='word_1_130' title='bbox 188 1990 267 2058; x_wconf 82' lang='grc' dir='ltr'><strong><em>δυσί</em></strong></span> <span class='ocrx_word' id='word_1_131' title='bbox 291 1994 397 2076; x_wconf 92' lang='grc' dir='ltr'><strong><em>μόνον</em></strong></span> <span class='ocrx_word' id='word_1_132' title='bbox 420 1987 527 2061; x_wconf 85' lang='grc' dir='ltr'><strong><em>ἑάλων</em></strong></span> <span class='ocrx_word' id='word_1_133' title='bbox 549 1992 674 2075; x_wconf 79' lang='grc' dir='ltr'><strong><em>ψήφοις</em></strong></span> <span class='ocrx_word' id='word_1_134' title='bbox 697 1987 948 2073; x_wconf 79' lang='grc' dir='ltr'><strong><em>ἀποτιθεμένων</em></strong></span> <span class='ocrx_word' id='word_1_135' title='bbox 966 1989 1027 2072; x_wconf 89' lang='grc' dir='ltr'><strong><em>τήν</em></strong></span> <span class='ocrx_word' id='word_1_136' title='bbox 1050 1985 1208 2065; x_wconf 82' lang='grc' dir='ltr'><strong><em>ἐξουσίαν</em></strong></span> <span class='ocrx_word' id='word_1_137' title='bbox 1319 1949 1320 2036; x_wconf 51' lang='grc' dir='ltr'>Ῑ</span> 
     </span>
     <span class='ocr_line' id='line_1_18' title="bbox 187 2089 1320 2183; baseline -0.006 -18"><span class='ocrx_word' id='word_1_138' title='bbox 187 2109 256 2165; x_wconf 82' lang='grc' dir='ltr'><strong><em>τῶν</em></strong></span> <span class='ocrx_word' id='word_1_139' title='bbox 288 2093 484 2183; x_wconf 91' lang='grc' dir='ltr'><strong><em>δημάρχων,</em></strong></span> <span class='ocrx_word' id='word_1_140' title='bbox 515 2099 547 2162; x_wconf 91' lang='grc' dir='ltr'><strong><em>εί</em></strong></span> <span class='ocrx_word' id='word_1_141' title='bbox 577 2099 622 2181; x_wconf 91' lang='grc' dir='ltr'><strong><em>μή</em></strong></span> <span class='ocrx_word' id='word_1_142' title='bbox 654 2098 935 2180; x_wconf 81' lang='grc' dir='ltr'><strong><em>καταδικασθείην</em></strong></span> <span class='ocrx_word' id='word_1_143' title='bbox 966 2093 1047 2179; x_wconf 86' lang='grc' dir='ltr'><strong><em>ἐγώ,</em></strong></span> <span class='ocrx_word' id='word_1_144' title='bbox 1078 2090 1134 2159; x_wconf 83' lang='grc' dir='ltr'><strong><em>καὶ</em></strong></span> <span class='ocrx_word' id='word_1_145' title='bbox 1165 2094 1208 2159; x_wconf 87' lang='grc' dir='ltr'><strong><em>τὰ</em></strong></span> <span class='ocrx_word' id='word_1_146' title='bbox 1319 2089 1320 2146; x_wconf 65' lang='grc' dir='ltr'><strong><em>χ</em></strong></span> 
     </span>
     <span class='ocr_line' id='line_1_19' title="bbox 189 2198 1208 2291; baseline -0.005 -21"><span class='ocrx_word' id='word_1_147' title='bbox 189 2208 308 2291; x_wconf 82' lang='grc' dir='ltr'><strong><em>ἔσχατα</em></strong></span> <span class='ocrx_word' id='word_1_148' title='bbox 322 2206 498 2268; x_wconf 71' lang='grc' dir='ltr'><strong><em>πείσεσθαι</em></strong></span> <span class='ocrx_word' id='word_1_149' title='bbox 511 2206 595 2289; x_wconf 89' lang='grc' dir='ltr'><strong><em>πρὸς</em></strong></span> <span class='ocrx_word' id='word_1_150' title='bbox 609 2203 691 2288; x_wconf 86' lang='grc' dir='ltr'><strong><em>ἐμοῦ</em></strong></span> <span class='ocrx_word' id='word_1_151' title='bbox 709 2204 876 2286; x_wconf 87' lang='grc' dir='ltr'><strong><em>λεγόντων</em></strong></span> <span class='ocrx_word' id='word_1_152' title='bbox 894 2199 949 2266; x_wconf 80' lang='grc' dir='ltr'><strong><em>καί</em></strong></span> <span class='ocrx_word' id='word_1_153' title='bbox 966 2198 1056 2288; x_wconf 84' lang='grc' dir='ltr'><strong><em>πάση</em></strong></span> <span class='ocrx_word' id='word_1_154' title='bbox 1075 2202 1208 2286; x_wconf 77' lang='grc' dir='ltr'><strong><em>σπουδῇ</em></strong></span> 
     </span>
     <span class='ocr_line' id='line_1_20' title="bbox 189 2305 1209 2396; baseline -0.004 -21"><span class='ocrx_word' id='word_1_155' title='bbox 189 2309 245 2376; x_wconf 85' lang='grc' dir='ltr'><strong><em>καὶ</em></strong></span> <span class='ocrx_word' id='word_1_156' title='bbox 267 2314 441 2396; x_wconf 79' lang='grc' dir='ltr'><strong><em>προθυμίᾳ</em></strong></span> <span class='ocrx_word' id='word_1_157' title='bbox 463 2310 552 2395; x_wconf 85' lang='grc' dir='ltr'><strong><em>παρά</em></strong></span> <span class='ocrx_word' id='word_1_158' title='bbox 574 2311 634 2374; x_wconf 93' lang='grc' dir='ltr'><strong><em>τὸν</em></strong></span> <span class='ocrx_word' id='word_1_159' title='bbox 652 2308 766 2392; x_wconf 82' lang='grc' dir='ltr'><strong><em>ἀγῶνα</em></strong></span> <span class='ocrx_word' id='word_1_160' title='bbox 786 2305 855 2374; x_wconf 85' lang='grc' dir='ltr'><strong><em>κατ’</em></strong></span> <span class='ocrx_word' id='word_1_161' title='bbox 878 2306 960 2392; x_wconf 91' lang='grc' dir='ltr'><strong><em>ἐμοῦ</em></strong></span> <span class='ocrx_word' id='word_1_162' title='bbox 978 2305 1209 2393; x_wconf 88' lang='grc' dir='ltr'><strong><em>χρησαμένων.</em></strong></span> 
     </span>
     <span class='ocr_line' id='line_1_21' title="bbox 149 2403 1205 2516; baseline -0.003 -34"><span class='ocrx_word' id='word_1_163' title='bbox 149 2403 324 2516; x_wconf 55' lang='grc' dir='ltr'><strong><em>βοτοιαῦτα</em></strong></span> <span class='ocrx_word' id='word_1_164' title='bbox 352 2417 393 2501; x_wconf 90' lang='grc' dir='ltr'><strong><em>δή</em></strong></span> <span class='ocrx_word' id='word_1_165' title='bbox 425 2416 603 2493; x_wconf 74' lang='grc' dir='ltr'><strong><em>πεπονθὼς</em></strong></span> <span class='ocrx_word' id='word_1_166' title='bbox 635 2415 699 2500; x_wconf 86' lang='grc' dir='ltr'><strong><em>ἐγὼ</em></strong></span> <span class='ocrx_word' id='word_1_167' title='bbox 732 2417 815 2501; x_wconf 87' lang='grc' dir='ltr'><strong><em>πρὸς</em></strong></span> <span class='ocrx_word' id='word_1_168' title='bbox 842 2424 908 2480; x_wconf 81' lang='grc' dir='ltr'><strong><em>τῶν</em></strong></span> <span class='ocrx_word' id='word_1_169' title='bbox 937 2414 1082 2498; x_wconf 91' lang='grc' dir='ltr'><strong><em>ἐμαυτοῦ</em></strong></span> <span class='ocrx_word' id='word_1_170' title='bbox 1109 2420 1205 2480; x_wconf 86' lang='grc' dir='ltr'><strong><em>πολι·</em></strong></span> 
     </span>
     <span class='ocr_line' id='line_1_22' title="bbox 188 2520 1208 2607; baseline -0.002 -18"><span class='ocrx_word' id='word_1_171' title='bbox 188 2535 255 2589; x_wconf 83' lang='grc' dir='ltr'><strong><em>τῶν</em></strong></span> <span class='ocrx_word' id='word_1_172' title='bbox 277 2521 421 2606; x_wconf 92' lang='grc' dir='ltr'><strong><em>ἀβίωτον</em></strong></span> <span class='ocrx_word' id='word_1_173' title='bbox 444 2520 619 2607; x_wconf 75' lang='grc' dir='ltr'><strong><em>ἡγησάμην</em></strong></span> <span class='ocrx_word' id='word_1_174' title='bbox 642 2525 701 2588; x_wconf 92' lang='grc' dir='ltr'><strong><em>τὸν</em></strong></span> <span class='ocrx_word' id='word_1_175' title='bbox 724 2523 843 2589; x_wconf 88' lang='grc' dir='ltr'><strong><em>λοιπὸν</em></strong></span> <span class='ocrx_word' id='word_1_176' title='bbox 866 2524 1007 2587; x_wconf 76' lang='grc' dir='ltr'><strong><em>ἔσεσθαί</em></strong></span> <span class='ocrx_word' id='word_1_177' title='bbox 1031 2546 1088 2605; x_wconf 92' lang='grc' dir='ltr'><strong><em>μοι</em></strong></span> <span class='ocrx_word' id='word_1_178' title='bbox 1117 2523 1208 2605; x_wconf 89' lang='grc' dir='ltr'><strong><em>βίον,</em></strong></span> 
     </span>
     <span class='ocr_line' id='line_1_23' title="bbox 188 2625 1206 2715; baseline -0.004 -18"><span class='ocrx_word' id='word_1_179' title='bbox 188 2634 220 2697; x_wconf 87' lang='grc' dir='ltr'><strong><em>εί</em></strong></span> <span class='ocrx_word' id='word_1_180' title='bbox 241 2630 286 2715; x_wconf 92' lang='grc' dir='ltr'><strong><em>μή</em></strong></span> <span class='ocrx_word' id='word_1_181' title='bbox 309 2626 444 2714; x_wconf 81' lang='grc' dir='ltr'><strong><em>λάβοιμι</em></strong></span> <span class='ocrx_word' id='word_1_182' title='bbox 466 2626 543 2713; x_wconf 84' lang='grc' dir='ltr'><strong><em>παρ’</em></strong></span> <span class='ocrx_word' id='word_1_183' title='bbox 570 2627 680 2693; x_wconf 83' lang='grc' dir='ltr'><strong><em>αὐτῶν</em></strong></span> <span class='ocrx_word' id='word_1_184' title='bbox 707 2630 814 2705; x_wconf 87' lang='grc' dir='ltr'><strong><em>δίκας·</em></strong></span> <span class='ocrx_word' id='word_1_185' title='bbox 841 2627 897 2694; x_wconf 80' lang='grc' dir='ltr'><strong><em>καὶ</em></strong></span> <span class='ocrx_word' id='word_1_186' title='bbox 927 2629 983 2694; x_wconf 87' lang='grc' dir='ltr'><strong><em>διά</em></strong></span> <span class='ocrx_word' id='word_1_187' title='bbox 1010 2625 1100 2694; x_wconf 90' lang='grc' dir='ltr'><strong><em>τοῦτ’</em></strong></span> <span class='ocrx_word' id='word_1_188' title='bbox 1127 2626 1206 2706; x_wconf 82' lang='grc' dir='ltr'><strong><em>ἐξόν</em></strong></span> 
     </span>
     <span class='ocr_line' id='line_1_24' title="bbox 189 2731 1209 2822; baseline -0.004 -20"><span class='ocrx_word' id='word_1_189' title='bbox 189 2762 246 2822; x_wconf 92' lang='grc' dir='ltr'><strong><em>μοι</em></strong></span> <span class='ocrx_word' id='word_1_190' title='bbox 274 2739 331 2819; x_wconf 82' lang='grc' dir='ltr'><strong><em>ζήν</em></strong></span> <span class='ocrx_word' id='word_1_191' title='bbox 359 2734 594 2821; x_wconf 79' lang='grc' dir='ltr'><strong><em>ἀπραγμόνως,</em></strong></span> <span class='ocrx_word' id='word_1_192' title='bbox 626 2731 685 2800; x_wconf 79' lang='grc' dir='ltr'><strong><em>εἴτ’</em></strong></span> <span class='ocrx_word' id='word_1_193' title='bbox 717 2733 753 2798; x_wconf 93' lang='grc' dir='ltr'><strong><em>έν</em></strong></span> <span class='ocrx_word' id='word_1_194' title='bbox 785 2746 857 2810; x_wconf 79' lang='grc' dir='ltr'><strong><em>ταῖς</em></strong></span> <span class='ocrx_word' id='word_1_195' title='bbox 883 2737 1041 2799; x_wconf 89' lang='grc' dir='ltr'><strong><em>Λατίνων</em></strong></span> <span class='ocrx_word' id='word_1_196' title='bbox 1068 2737 1209 2799; x_wconf 87' lang='grc' dir='ltr'><strong><em>πόλεσιν</em></strong></span> 
     </span>
     <span class='ocr_line' id='line_1_25' title="bbox 188 2837 1209 2975; baseline -0.005 -65"><span class='ocrx_word' id='word_1_197' title='bbox 188 2845 382 2975; x_wconf 80' lang='grc' dir='ltr'><strong><em>ἠβουλόμην</em></strong></span> <span class='ocrx_word' id='word_1_198' title='bbox 404 2843 486 2906; x_wconf 86' lang='grc' dir='ltr'><strong><em>κατά</em></strong></span> <span class='ocrx_word' id='word_1_199' title='bbox 508 2843 546 2907; x_wconf 85' lang='grc' dir='ltr'><strong><em>τὸ</em></strong></span> <span class='ocrx_word' id='word_1_200' title='bbox 570 2838 738 2924; x_wconf 82' lang='grc' dir='ltr'><strong><em>συγγενές,</em></strong></span> <span class='ocrx_word' id='word_1_201' title='bbox 760 2837 818 2906; x_wconf 87' lang='grc' dir='ltr'><strong><em>είτ’</em></strong></span> <span class='ocrx_word' id='word_1_202' title='bbox 842 2840 879 2906; x_wconf 84' lang='grc' dir='ltr'><strong><em>ἐν</em></strong></span> <span class='ocrx_word' id='word_1_203' title='bbox 899 2852 971 2918; x_wconf 81' lang='grc' dir='ltr'><strong><em>ταῖς</em></strong></span> <span class='ocrx_word' id='word_1_204' title='bbox 993 2844 1209 2924; x_wconf 90' lang='grc' dir='ltr'><strong><em>νεοκτίστοις,</em></strong></span> 
     </span>
     <span class='ocr_line' id='line_1_26' title="bbox 150 2945 1206 3035; baseline -0.001 -23"><span class='ocrx_word' id='word_1_205' title='bbox 150 2951 229 3027; x_wconf 70' lang='grc' dir='ltr'><strong><em>στάς</em></strong></span> <span class='ocrx_word' id='word_1_206' title='bbox 256 2951 291 3016; x_wconf 87' lang='grc' dir='ltr'><strong><em>οί</em></strong></span> <span class='ocrx_word' id='word_1_207' title='bbox 315 2945 452 3034; x_wconf 84' lang='grc' dir='ltr'><strong><em>πατέρες</em></strong></span> <span class='ocrx_word' id='word_1_208' title='bbox 478 2948 572 3033; x_wconf 78' lang='grc' dir='ltr'><strong><em>ἡμῶν</em></strong></span> <span class='ocrx_word' id='word_1_209' title='bbox 600 2945 787 3035; x_wconf 77' lang='grc' dir='ltr'><strong><em>ἀπῴκισαν,</em></strong></span> <span class='ocrx_word' id='word_1_210' title='bbox 818 2948 880 3015; x_wconf 89' lang='grc' dir='ltr'><strong><em>οὐκ</em></strong></span> <span class='ocrx_word' id='word_1_211' title='bbox 907 2947 1170 3033; x_wconf 82' lang='grc' dir='ltr'><strong><em>ἠβουλήθην,’</em></strong></span> <span class='ocrx_word' id='word_1_212' title='bbox 1152 2945 1206 3032; x_wconf 72' lang='grc' dir='ltr'><strong><em>σφ’</em></strong></span> 
     </span>
     <span class='ocr_line' id='line_1_27' title="bbox 64 3051 1320 3170; baseline -0.002 -48"><span class='ocrx_word' id='word_1_213' title='bbox 64 3055 67 3060; x_wconf 74' lang='grc'><strong>’</strong></span> <span class='ocrx_word' id='word_1_214' title='bbox 189 3056 275 3141; x_wconf 85' lang='grc' dir='ltr'><strong><em>ὑμᾶς</em></strong></span> <span class='ocrx_word' id='word_1_215' title='bbox 303 3052 340 3122; x_wconf 75' lang='grc' dir='ltr'><strong><em>δέ</em></strong></span> <span class='ocrx_word' id='word_1_216' title='bbox 362 3054 567 3140; x_wconf 85' lang='grc' dir='ltr'><strong><em>κατέφυγον,</em></strong></span> <span class='ocrx_word' id='word_1_217' title='bbox 599 3055 657 3131; x_wconf 81' lang='grc' dir='ltr'><strong><em>οὓς</em></strong></span> <span class='ocrx_word' id='word_1_218' title='bbox 690 3053 878 3140; x_wconf 87' lang='grc' dir='ltr'><strong><em>ἠπιστάμην</em></strong></span> <span class='ocrx_word' id='word_1_219' title='bbox 905 3051 1043 3119; x_wconf 77' lang='grc' dir='ltr'><strong><em>πλεῖστά</em></strong></span> <span class='ocrx_word' id='word_1_220' title='bbox 1075 3051 1112 3119; x_wconf 75' lang='grc' dir='ltr'><strong><em>δ’</em></strong></span> <span class='ocrx_word' id='word_1_221' title='bbox 1143 3055 1320 3170; x_wconf 79' lang='grc' dir='ltr'><strong><em>ὑπὸισιιχ</em></strong></span> 
     </span>
    </p>
   </div>
   <div class='ocr_carea' id='block_1_3' title="bbox 191 3280 1320 3515">
    <p class='ocr_par' dir='ltr' id='par_1_3' title="bbox 191 3280 1320 3495">
     <span class='ocr_line' id='line_1_28' title="bbox 264 3280 1212 3374; baseline -0.002 -36"><span class='ocrx_word' id='word_1_222' title='bbox 264 3281 582 3374; x_wconf 71' lang='grc' dir='ltr'><strong><em>ῦπροσεκαλέσαντορ.</em></strong></span> <span class='ocrx_word' id='word_1_223' title='bbox 602 3281 707 3336; x_wconf 79' lang='lat' dir='ltr'><strong>Reiske</strong></span> <span class='ocrx_word' id='word_1_224' title='bbox 766 3280 950 3352; x_wconf 88' lang='grc' dir='ltr'><strong><em>4αίτίαν,κ.</em></strong></span> <span class='ocrx_word' id='word_1_225' title='bbox 970 3281 1138 3337; x_wconf 76' lang='grc' dir='ltr'><strong><em>οὐδὲτοῦτο</em></strong></span> <span class='ocrx_word' id='word_1_226' title='bbox 1158 3303 1212 3352; x_wconf 92' lang='grc' dir='ltr'><strong><em>μα-</em></strong></span> 
     </span>
     <span class='ocr_line' id='line_1_29' title="bbox 191 3351 1320 3438; baseline -0.002 -30"><span class='ocrx_word' id='word_1_227' title='bbox 191 3353 294 3417; x_wconf 72' lang='grc' dir='ltr'><strong><em>δόντες</em></strong></span> <span class='ocrx_word' id='word_1_228' title='bbox 312 3354 385 3409; x_wconf 88' lang='lat' dir='ltr'>Prou</span> <span class='ocrx_word' id='word_1_229' title='bbox 449 3362 464 3410; x_wconf 91' lang='grc'>6</span> <span class='ocrx_word' id='word_1_230' title='bbox 485 3351 516 3410; x_wconf 88' lang='grc' dir='ltr'><strong><em>ἐκ</em></strong></span> <span class='ocrx_word' id='word_1_231' title='bbox 534 3362 583 3424; x_wconf 85' lang='grc' dir='ltr'><strong><em>τής</em></strong></span> <span class='ocrx_word' id='word_1_232' title='bbox 600 3357 707 3416; x_wconf 84' lang='grc' dir='ltr'><strong><em>πόλεως</em></strong></span> <span class='ocrx_word' id='word_1_233' title='bbox 726 3353 790 3408; x_wconf 83' lang='grc' dir='ltr'><strong><em>δ’</em></strong></span> <span class='ocrx_word' id='word_1_234' title='bbox 759 3374 897 3424; x_wconf 84' lang='grc' dir='ltr'><strong><em>τνραννος</em></strong></span> <span class='ocrx_word' id='word_1_235' title='bbox 915 3353 1069 3423; x_wconf 84' lang='grc' dir='ltr'><strong><em>ἀναιρεῐΒ</em></strong></span> <span class='ocrx_word' id='word_1_236' title='bbox 1133 3356 1213 3408; x_wconf 90' lang='grc' dir='ltr'><strong><em>9δι-</em></strong></span> <span class='ocrx_word' id='word_1_237' title='bbox 1319 3395 1320 3438; x_wconf 71' lang='grc' dir='ltr'><strong><em>χ</em></strong></span> 
     </span>
     <span class='ocr_line' id='line_1_30' title="bbox 192 3424 1320 3515; baseline 0 -35"><span class='ocrx_word' id='word_1_238' title='bbox 192 3424 344 3515; x_wconf 87' lang='grc' dir='ltr'><strong><em>καστήριον</em></strong></span> <span class='ocrx_word' id='word_1_239' title='bbox 363 3426 416 3480; x_wconf 83' lang='lat' dir='ltr'>del.</span> <span class='ocrx_word' id='word_1_240' title='bbox 436 3426 559 3481; x_wconf 81' lang='lat' dir='ltr'>Reudler</span> <span class='ocrx_word' id='word_1_241' title='bbox 577 3425 634 3480; x_wconf 81' lang='lat' dir='ltr'>Tir.</span> <span class='ocrx_word' id='word_1_242' title='bbox 654 3425 716 3480; x_wconf 74' lang='lat' dir='ltr'>crit.</span> <span class='ocrx_word' id='word_1_243' title='bbox 735 3443 762 3495; x_wconf 91' lang='lat' dir='ltr'><strong>p</strong></span> <span class='ocrx_word' id='word_1_244' title='bbox 778 3429 813 3478; x_wconf 84' lang='grc'><strong><em>54</em></strong></span> <span class='ocrx_word' id='word_1_245' title='bbox 883 3432 914 3480; x_wconf 86' lang='grc'><strong><em>13</em></strong></span> <span class='ocrx_word' id='word_1_246' title='bbox 933 3424 1122 3480; x_wconf 87' lang='grc' dir='ltr'><strong><em>τοσοῦτονΒ.</em></strong></span> <span class='ocrx_word' id='word_1_247' title='bbox 1179 3432 1212 3480; x_wconf 91' lang='grc'><strong><em>16</em></strong></span> <span class='ocrx_word' id='word_1_248' title='bbox 1319 3431 1320 3494; x_wconf 78' lang='grc' dir='ltr'><strong><em>χ</em></strong></span> 
     </span>
    </p>
   </div>
   <div class='ocr_carea' id='block_1_4' title="bbox 194 3493 1320 3567">
    <p class='ocr_par' dir='ltr' id='par_1_4' title="bbox 194 3493 1320 3567">
     <span class='ocr_line' id='line_1_31' title="bbox 194 3493 1320 3567; baseline -0.003 -15"><span class='ocrx_word' id='word_1_249' title='bbox 194 3493 309 3552; x_wconf 82' lang='grc' dir='ltr'><strong><em>ἕάλωΑ</em></strong></span> <span class='ocrx_word' id='word_1_250' title='bbox 364 3503 399 3550; x_wconf 80' lang='lat'><strong><em>26</em></strong></span> <span class='ocrx_word' id='word_1_251' title='bbox 418 3495 592 3566; x_wconf 87' lang='grc' dir='ltr'><strong><em>κατέφυγον·</em></strong></span> <span class='ocrx_word' id='word_1_252' title='bbox 610 3496 770 3567; x_wconf 77' lang='grc' dir='ltr'><strong><em>ἠπιστάμην</em></strong></span> <span class='ocrx_word' id='word_1_253' title='bbox 789 3496 842 3567; x_wconf 80' lang='grc' dir='ltr'><strong><em>γάρ</em></strong></span> <span class='ocrx_word' id='word_1_254' title='bbox 862 3499 931 3552; x_wconf 90' lang='grc' dir='ltr'><strong><em>Ακ.</em></strong></span> <span class='ocrx_word' id='word_1_255' title='bbox 946 3495 996 3560; x_wconf 86' lang='grc' dir='ltr'><strong><em>ους</em></strong></span> <span class='ocrx_word' id='word_1_256' title='bbox 1012 3494 1174 3566; x_wconf 87' lang='grc' dir='ltr'><strong><em>ἠπιστάμην</em></strong></span> <span class='ocrx_word' id='word_1_257' title='bbox 1187 3497 1214 3550; x_wconf 79' lang='lat' dir='ltr'><strong>R</strong></span> <span class='ocrx_word' id='word_1_258' title='bbox 1319 3501 1320 3564; x_wconf 78' lang='grc' dir='ltr'><strong><em>χ</em></strong></span> 
     </span>
    </p>
   </div>
   <div class='ocr_carea' id='block_1_5' title="bbox 0 0 1343 3976">
    <p class='ocr_par' dir='ltr' id='par_1_5' title="bbox 0 0 1343 3976">
     <span class='ocr_line' id='line_1_32' title="bbox 0 0 1343 3976; baseline 0 0"><span class='ocrx_word' id='word_1_259' title='bbox 0 0 1343 3976; x_wconf 95' lang='lat' dir='ltr'><strong><em> </em></strong></span> 
     </span>
    </p>
   </div>
  </div>
 </body>
</html>
