2586 3972
510 227 677 276 -Η-
1036 225 1101 290 267

16 465 18 496 l
94 385 221 464 δειξεων
240 388 418 470 μαθόντες,
441 385 548 451 ὅτιτὸ
568 389 781 471 μηνυόμενον
798 381 842 472 ἣν
861 387 1005 471 ἀδίκημα
1023 387 1102 472 άλη-

16 499 18 536 ⁵
93 490 161 576 θές,
185 492 291 577 αὐτὴν
314 488 376 576 μέν
398 501 457 575 τῆς
478 501 628 578 κορυφῆς
650 492 852 578 ἀφελόμενοι
874 495 915 559 τά
938 491 1103 578 στέμματα

93 597 142 663 καὶ
162 599 412 683 πομπεύσαντες
436 596 480 664 δι’
504 597 626 684 ἀγορᾶς
650 597 743 677 ἐντὸς
765 603 894 685 τείχους
918 601 1025 677 ζῶσαν
1045 624 1102 666 κα-

92 704 248 790 τώρυξαν·
287 706 349 771 δύο
387 701 424 771 δέ
460 708 539 782 τοὺς
571 704 823 790 ἐξελεγχθέντας
855 704 1102 792 διαπράξασθαι

92 811 147 894 την
163 813 302 897 φθορὰν
320 813 585 896 μαστιγώσαντες
608 811 645 877 έν
663 821 798 901 φανερῷ
820 821 1018 899 παραχρῆμα
1042 811 1102 877 ἀπ-
1129 832 1143 872 ⁵

93 915 233 984 έκτειναν
265 915 322 983 καὶ
354 919 435 1001 μετά
465 925 563 983 τοῦτο
591 920 676 984 καλδι
703 919 743 984 τά
772 918 844 1004 λερά
870 917 926 985 καὶ
952 920 992 986 τὰ
1020 944 1102 1004 μαν-

91 1026 227 1108 τεύματα
250 1024 296 1102 ὡς
327 1023 513 1109 ἀφεικότων
546 1025 659 1102 αὐτοῖς
689 1035 757 1090 τῶν
786 1032 879 1092 θεῶν
905 1028 966 1092 τὸν
987 1029 1102 1112 χόλον,

92 1129 221 1213 ἐγίνετο.

150 1236 311 1302 ΙιΧΧΧΧ.
348 1234 404 1314 Ὡς
428 1233 465 1302 δέ
488 1244 635 1321 καθῆκεν
655 1238 673 1304 ὁ
697 1247 764 1304 τῶν
781 1237 1003 1323 ἀρχαιρεσιῶν
1025 1242 1101 1324 χρό-

38 1356 157 1428 1732νος,
184 1343 358 1409 ἐλθόντων
380 1354 447 1409 τῶν
469 1343 604 1408 ὑπάτων
626 1346 733 1429 πολλη
765 1345 895 1426 σπουδὴ
918 1341 974 1408 καλ
996 1344 1100 1428 παρά-
1116 1365 1141 1404 ιο

89 1448 171 1528 ταξις
198 1447 330 1532 ἐγένετο
361 1459 422 1515 τοῦ
450 1450 559 1534 δήμου
592 1452 675 1534 πρὸς
701 1452 780 1526 τοὺς
807 1453 999 1535 πατρικίους
1024 1448 1101 1535 περὶ

89 1566 150 1621 τῶν
172 1553 463 1641 παραληψομένων
490 1556 552 1640 την
578 1556 760 1641 ἡγεμονίαν
790 1555 933 1641 ἀνδρῶν.
979 1555 1100 1622 ἐκείνοι

89 1657 145 1744 μὲν
168 1663 231 1748 γάρ
250 1661 371 1728 ἐκτῶν
390 1659 561 1748 νεωτέρων
581 1661 760 1746 ἐβούλοντο
779 1665 857 1739 τοὺς
881 1663 1100 1748 δραστηρίους

88 1792 118 1833 τε
144 1767 200 1836 καὶ
227 1770 344 1853 ἣκιστα
373 1771 571 1854 δημοτικοὺς
599 1767 653 1834 ἐπὶ
680 1769 742 1853 τὴν
768 1769 928 1835 ὑπατείαν
955 1791 1100 1852 προαγα-

26 1951 35 1976 '
87 1885 169 1956 γελν·
194 1874 251 1942 καλ
279 1873 392 1962 μετῄει
418 1877 481 1961 τὴν
508 1875 614 1961 ἀρχὴν
641 1874 833 1952 κελευσθεὶς
862 1872 917 1941 ὑπ’
947 1877 1056 1940 αὐτῶν
1080 1875 1139 1941 διο

87 1982 157 2059 υίὸς
180 1979 320 2050 Ἀππίου
347 1984 522 2049 Κλαυδίου
555 1991 615 2050 τοῦ
647 1982 896 2067 πολεμιωτάτου
928 1989 974 2069 τῷ
1006 1982 1099 2071 δημφ

11 2165 12 2186 ¹
88 2087 263 2165 δοκοῦντος
285 2083 383 2172 εἶναι,
405 2091 524 2174 μεστὸς
548 2089 731 2166 αὐθαδείας
752 2087 838 2174 ἀνὴρ
860 2086 916 2154 καί
938 2087 1101 2172 θράσους,

88 2189 224 2279 ἑταίροις
247 2192 359 2260 τεκαὶ
382 2195 536 2273 πελάταις
565 2194 721 2260 ἁπάντων
748 2198 905 2259 πλεῖστον
927 2203 995 2258 τῶν
1017 2191 1095 2259 καθ’

11 2289 12 2294 ¹
86 2299 213 2382 ἡλικίαν
242 2302 440 2386 δυνάμενος·
469 2302 487 2368 ὁ
517 2298 554 2367 δέ
582 2303 686 2386 δῆμος
714 2300 750 2366 έκ
776 2309 843 2382 τῶν
865 2298 1100 2387 πρεσβυτέρων

11 2415 12 2426 ³
87 2428 118 2470 τε
139 2405 193 2472 καὶ
216 2418 285 2473 τῶν
306 2419 425 2494 πεῖραν
448 2409 512 2492 ἤδη
537 2409 733 2474 δεδωκότων
751 2415 810 2490 τῆς
828 2405 1003 2484 ἐπιεικείας
1020 2410 1100 2486 τοὺς
1114 2429 1140 2468 εο

86 2512 373 2598 προνοησομένους
390 2522 450 2579 τοῦ
464 2523 560 2599 κοινῇ
576 2512 804 2599 συμφέροντος
818 2513 990 2597 ὀνομάζων
1004 2511 1099 2597 ἠξίου

86 2631 190 2686 ποιεῖν
223 2620 380 2696 ὑπάτους.
432 2621 470 2684 αἴ
500 2616 528 2684 τ’
563 2616 661 2705 ἀρχαὶ
694 2620 922 2703 διειστήκεσαν
954 2617 1010 2684 καὶ
1042 2619 1099 2696 τάς

86 2725 235 2811 ἀλλήλων
258 2725 402 2792 ἀνέλυον
425 2726 584 2804 ἐξουσίας.
630 2725 728 2791 ὁπότε
751 2722 813 2810 μὲν
837 2727 901 2811 γάρ
925 2726 961 2791 οί
979 2725 1134 2793 ὑπατοι2

86 2839 215 2901 καλοῖεν
246 2836 284 2900 τὸ
316 2837 446 2917 πλῆθος
478 2831 522 2907 ὡς
554 2829 785 2909 ἀποδείξοντες
817 2834 896 2909 τοὺς
928 2833 1100 2915 μετιόντας

86 2941 143 3023 την
170 2941 277 3027 ἀρχὴν
305 2938 466 3022 ὑπάτους,
494 2938 530 3004 oc
555 2939 719 3026 δήμαρχοι
747 2946 807 3005 τοῦ
834 2937 978 3004 κωλύειν
1007 2938 1099 3015 όντες
1114 2957 1140 2998 ετ

85 3047 192 3134 κὺριοι
210 3045 346 3113 διέλυον
359 3046 399 3110 τά
417 3043 623 3131 ἀρχαιρέσια,
641 3045 739 3111 ὁπότε
754 3041 784 3109 δ’
803 3039 847 3110 αὑ
862 3045 964 3110 πάλιν
978 3043 1100 3110 ἐκείνοι

154 3281 168 3328 1
189 3275 316 3345 ἀδίκημα
330 3273 385 3328 del.
400 3273 551 3344 Kiessling‚
571 3270 699 3345 ἀσέβημα
714 3273 759 3327 vel
774 3270 924 3343 ἁμάρτημα
939 3272 1021 3328 scrib.
1037 3289 1098 3328 esse

87 3362 109 3400 ο.
120 3346 229 3416 Kayser
246 3345 319 3400 Ann.
337 3344 407 3415 phil.
428 3350 496 3400 1868
515 3363 542 3414 p.
557 3349 610 3400 816
684 3351 699 3399 6
719 3349 835 3416 φανερῷ
853 3352 1025 3426 παραχρῆμα
1044 3344 1100 3398 ἀπ-

87 3413 211 3472 έκτειναν
230 3415 280 3471 καλ
299 3415 322 3471 Ο
342 3436 372 3485 φ.
392 3415 563 3470 ἀπέκτειναν
581 3415 630 3470 καλ
648 3435 678 3469 π.
696 3415 784 3469 verba
801 3417 979 3482 transposult
994 3415 1098 3470 Reiske

88 3494 101 3541 ’ί
119 3489 225 3560 αὑτοῖς]
247 3483 334 3550 αὖθις
351 3505 375 3542 ο.
394 3487 538 3556 Kiessling
610 3494 645 3541 24
664 3487 866 3552 ἀποδείξαντες
883 3486 906 3539 Β
