2586 3972
518 218 685 266 -Η-
1044 214 1107 278 231

12 345 13 398 δ
106 387 160 461 μης
181 389 248 454 τοῖς
270 375 446 460 συγγενέσι
465 379 623 454 Λατίνοις
645 379 723 454 τοὺς
742 333 940 454 Ιἀλλοεθνεῖς
954 376 1111 461 Ἕρνικας

106 483 286 569 τυγχάνειν,
302 479 382 549 οὐδὲ
400 495 469 560 τοϊς
486 484 593 550 πολλά
609 483 742 560 εὐνοίας
757 485 836 567 ἔργα
851 482 1110 568 ἐπιδειξαμένοις

12 593 13 686 ψ
104 593 174 666 τοὺς
199 587 275 675 μηδ’
303 590 418 656 ὁτιοῦν
446 589 578 674 ἀγαθὸν
606 591 808 676 δεδρακότας
830 601 898 655 τῶν
921 590 1032 656 αὐτῶν
1055 616 1109 676 φι-

12 731 13 780 3
104 699 306 783 λανθρώτιων
325 695 483 782 μετέχειν,
501 706 540 782 τῇ
559 720 593 763 τε
611 697 779 785 ὑπεροψίᾳ
792 706 852 763 τοῦ
867 696 990 781 ἀνδρὸς
1006 696 1110 784 ἀχθό-

102 825 205 887 μενοι,
235 802 272 880 ὃς
298 803 365 869 ὑπὸ
393 811 450 886 τῆς
476 806 600 888 βουλῆς
627 801 779 888 τιμηθεὶς
806 803 867 870 οὐκ
894 802 1109 889 ἀντετίμησεν
1137 821 1154 867 ε,

47 909 199 994 ισιιαύτην
225 919 295 987 τοῖς
319 916 420 993 ἴσοις,
443 906 523 976 οὑδέ
546 911 626 994 μετά
648 919 763 994 κοινῆς
785 912 917 995 γνώμης
940 921 1007 977 τῶν
1030 927 1110 976 σνν-

11 1087 13 1110 ÷
101 1014 213 1102 έδρων,
236 1013 308 1081 ἀλλ’
332 1017 376 1094 ὡς
394 1016 482 1105 αὐτῷ
507 1016 615 1084 ἐδόκει
634 1017 763 1103 γράψας
782 1017 933 1102 ἐξήνεγκε
956 1018 1013 1094 τὰς
1031 1018 1111 1102 ὁμο·

99 1125 216 1205 λογίας.
260 1117 304 1206 ἦν
331 1120 359 1188 τ’
386 1125 451 1210 ἀρα
478 1126 515 1190 τὸ
544 1123 581 1190 ἐν
607 1128 745 1201 πολλοῖς
766 1125 918 1210 εὐτυχεῖν
942 1127 1145 1211 σφαλερὸν3

11 1241 13 1318 ξ
99 1227 263 1319 ἀνθρώπῳ
291 1239 400 1315 χρῆμα
431 1228 487 1296 καὶ
517 1230 728 1316 ἀσύμφορον·
760 1229 948 1316 αὐχήματός
978 1253 1013 1295 τε
1046 1231 1109 1316 γάρ

99 1333 238 1418 ἀνοήτου
266 1340 403 1412 πολλοῖς
430 1329 537 1403 αἴτιον
565 1340 747 1422 γενόμενον
777 1335 940 1402 λανθάνει
961 1333 1017 1400 καὶ
1041 1334 1110 1400 ἐπι·
1124 1356 1150 1395 ιο

12 1445 13 1460 ²
97 1446 228 1526 θυμιῶν
251 1441 398 1528 ἀρχηγὸν
421 1442 651 1527 ἐκβαινουσῶν
673 1444 734 1527 τὴν
753 1441 974 1527 ἀνθρωπίνην
991 1443 1110 1526 φύσιν·

99 1545 191 1614 ὑκαὶ
216 1558 263 1637 τῷ
293 1545 391 1635 ἀνδρὶ
418 1548 535 1638 ἐκείνῳ
564 1547 698 1634 συνέβη.
743 1545 831 1635 τρισὶ
854 1547 917 1633 γὰρ
940 1547 1111 1625 ὑπατείαις

97 1653 150 1720 καὶ
177 1652 255 1721 δνσὶ
283 1657 463 1740 θριάμβοις
492 1660 595 1742 μένος
621 1668 688 1722 τῶν
716 1660 791 1723 τότε
821 1655 1013 1742 ἀνθρώπων
1044 1653 1111 1721 ὑπὸ

11 1817 13 1854 3
96 1771 152 1846 τῆς
178 1766 305 1840 πόλεως
334 1760 548 1847 τετιμημένος
582 1766 782 1848 σεμνότερον
815 1760 935 1828 ἑαυτὸν
963 1757 1023 1846 ἦγε
1055 1760 1111 1828 καὶ
1200 1813 1206 1824 .

11 1865 12 1884 ³
97 1878 296 1956 μοναρχικῆς
324 1868 476 1948 ἐξουσίας
507 1869 670 1954 ἐλάμβανε
702 1873 826 1936 πόθον·
859 1868 1112 1952 ἐνθυμούμενος
1126 1884 1152 1925 15

98 1973 126 2040 δ’
155 1977 204 2041 ὅτι
232 1987 301 2054 τοῖς
320 1979 498 2062 ,βασιλείας
524 1975 545 2060 ἢ
574 1978 775 2061 τυραννίδος
798 1973 984 2061 ἐφιεμένοις
1006 1971 1111 2061 ῥᾴστη

96 2104 129 2147 τε
156 2081 211 2149 καὶ
239 2081 468 2168 ἀσφαλεστάτη
501 2095 618 2149 πασῶν
645 2081 736 2148 ἐστιν
749 2107 751 2112 ’
764 2082 843 2159 ὁδὸς
868 2081 890 2164 ἡ
917 2083 955 2147 τὸ
982 2086 1113 2165 πλῆθος

11 2173 13 2204 ³
87 2189 297 2273 ἐὐεργεσίαις
326 2187 415 2254 τισὶν
442 2187 633 2274 ὑπαγομένη
662 2187 717 2254 καὶ
745 2186 782 2254 έκ
808 2199 875 2253 τῶν
903 2198 1024 2272 χειρῶν
1052 2197 1112 2254 τοῦ

98 2297 249 2374 διδόντος
266 2297 305 2362 τά
319 2297 417 2363 κοινά
436 2303 601 2362 σιτεῖσθαι
614 2296 783 2380 ἐθίζουσα,
801 2295 925 2378 ταύτην
939 2293 1111 2380 ἐτράπετο·

42 2401 150 2471 mmai
177 2403 295 2469 αὐτίκα
324 2400 443 2469 οὐθενὶ
474 2403 655 2488 προειπών·
686 2397 730 2486 ἦν
762 2402 825 2487 γάρ
854 2424 905 2478 τις
935 2401 1026 2488 χώρα
1054 2403 1112 2486 δη-
1126 2420 1154 2459 20

99 2513 195 2592 μοσία
217 2510 325 2593 πολλὴ
352 2507 608 2596 παρημελημένη
636 2532 672 2574 τε
699 2506 754 2574 καὶ
781 2508 847 2574 ὑπὸ
874 2518 941 2573 τῶν
965 2508 1113 2592 εὐπορω-

99 2617 203 2681 τάτων
229 2615 448 2703 κατεχομένη,
475 2617 599 2700 ταύτην
629 2617 715 2698 ἔγνω
745 2623 790 2702 τῷ
815 2615 909 2702 δημςο
932 2611 1112 2698 διανέμειν.

11 2761 13 2790 ;
99 2725 150 2788 καὶ
173 2725 204 2788 εἰ
226 2719 288 2808 μὲν
311 2724 388 2810 άχρι
411 2721 643 2790 τοῦδ’,έλθδεν
665 2719 831 2805 ἠρκέσθη,
858 2717 928 2814 τάχ’
956 2719 999 2786 δν
1022 2720 1148 2808 αὐτῷ4

100 2830 177 2895 κατά
200 2839 286 2896 νοῦν
308 2831 346 2896 τὸ
370 2831 470 2915 ἔργον
492 2827 651 2914 ἐχώρησε·
674 2837 739 2894 νῦν
759 2823 796 2892 δὲ
814 2830 979 2920 πλειόνων
998 2825 1112 2912 ὀρεγό-

11 2935 12 2938 ’
100 2958 195 3018 μενος
217 2936 335 3001 στάσιν
358 2935 399 3001 οὑ
422 2935 543 3022 μικράν
566 2936 710 3020 ἤγειρεν,
733 2933 766 3012 ἐξ
785 2928 824 3018 ἧς
842 2933 904 3000 οὐκ
922 2928 1056 3020 εὐτυχές
1074 2935 1112 2999 τὸ
1127 2948 1153 2990 2⁵

99 3040 189 3119 τέλος
212 3039 302 3130 αὐτῷ
327 3038 460 3126 συνέβη.
505 3045 672 3118 Λατίνους
689 3063 725 3106 τε
748 3040 812 3125 γάρ
836 3037 931 3124 ἠξίου
954 3047 993 3123 τῇ
1015 3061 1114 3103 κατα-

11 3141 12 3150 ³
100 3158 208 3235 γραφῇ
236 3157 293 3232 τῆς
320 3149 429 3234 χώρας
456 3147 782 3232 συμπεριλαμβάνειν
809 3143 865 3212 καὶ
891 3147 970 3222 τοὺς
993 3143 1113 3210 νεωστὶ

11 3421 12 3436 λ
169 3417 252 3481 4της
269 3431 300 3466 τε
317 3413 476 3482 ὑπεροψίας
495 3409 517 3465 0
536 3417 570 3537 vg
587 3430 617 3466 τε
636 3411 780 3486 ὑπεροψίᾳ
800 3408 845 3464 Cb
864 3411 894 3464 et
912 3408 1016 3464 Reiske
1096 3415 1112 3464 5

102 3478 141 3554 δς]
160 3483 236 3546 ὡςΒ
310 3489 342 3537 11
362 3482 434 3553 ἀρχὴ
454 3479 486 3538 δν
506 3499 529 3538 e.
570 3481 835 3551 obet0b1.p.169
