2674 3978
164 231 207 296 οι
590 229 751 277 -z-

162 397 300 470 πολλοῖς
328 387 559 477 ἀπεχθομένου
587 390 731 476 σώφρων
759 386 915 472 εὐλάβεια
936 387 1020 470 πρὸς
1042 386 1100 463 τὰς
1123 393 1185 452 τοῦ

163 509 364 586 κρατοῦντος
397 497 513 583 όργάς,
545 492 617 563 ἀλλ’
650 495 694 574 ὡς
726 493 851 582 ἐχθροῦ
882 495 1186 580 προπηλακίζοντος

164 605 269 684 ἀδεῶς
295 607 373 683 τοὺς
401 603 466 670 ὑπὸ
494 613 604 691 χείρας
631 603 772 689 άκρατός
798 624 847 679 τις
873 601 955 686 χολή
984 597 1040 666 καὶ
1066 601 1185 685 βαρεῖα

163 720 224 779 τοῦ
246 722 354 789 κακῶς
375 711 561 796 πάσχοντος
583 708 756 795 ὑπεροψία.

138 842 152 882 ε
232 817 366 884 XXXV.
397 816 574 902 Τοιγάρτοι
597 813 752 899 λέγοντός
769 810 797 879 τ’
820 813 923 880 αὐτοῦ
942 811 1062 899 μεταξὺ
1081 814 1188 888 πολὺς

165 926 315 1013 θόρυβος
338 923 466 1007 ἐγίνετο
489 923 567 1008 τήδε
590 920 646 987 καὶ
668 922 747 1007 τήδε
769 921 898 1006 θαμινά
916 917 1187 1005 μεθελκομένοις,

167 1031 211 1108 ὡς
238 1029 275 1095 ἐν
304 1031 495 1114 διαφόροις,
522 1031 667 1113 πλήθεσι
689 1026 744 1094 καὶ
767 1028 809 1095 οὐ
831 1026 934 1093 ταύτά
956 1023 1187 1112 βουλομένοις,

166 1147 234 1202 τῶν
265 1132 326 1220 μὲν
359 1132 534 1220 ἡδομένων
567 1132 620 1202 ἐπὶ
651 1145 722 1211 τοῖς
753 1136 865 1218 λόγοις
897 1133 1017 1215 αὐτοῦ,
1048 1141 1115 1196 τῶν
1149 1127 1188 1196 δὲ

166 1242 268 1307 πάλιν
301 1239 508 1328 ἀχθομένων.
558 1239 614 1306 καὶ
647 1239 760 1323 ἐπειδή
791 1238 954 1306 ἐπαύσατο
983 1235 1107 1323 λέγων,
1139 1239 1189 1302 ἐτι

127 1324 290 1439 ᾓπλείων
314 1346 434 1431 ἀνέστη
459 1347 521 1433 βοή
545 1344 601 1412 καὶ
617 1349 775 1434 θόρυβος.
808 1346 844 1412 οί
859 1342 920 1431 μέυ
939 1345 1003 1431 γάρ
1021 1347 1190 1430 πατρίκιοι

167 1456 344 1539 κράτιστον
363 1453 499 1540 άυδρῦν
518 1451 669 1537 λέγοντες
687 1449 835 1540 ἐπῄνουν
854 1453 957 1518 αὐτὸν
976 1449 1030 1516 ἐπὶ
1047 1459 1087 1536 τῇ
1105 1473 1191 1536 παρ-

168 1564 268 1649 ρησίᾳ
298 1560 352 1627 καὶ
381 1564 487 1646 μόνον
515 1557 701 1645 ἀπέφαινον
729 1558 762 1638 ἐξ
790 1557 945 1626 ἁπάντων
974 1569 1069 1644 σφῶν
1098 1556 1191 1623 ἐλεύ-

168 1675 285 1754 θερον,
309 1667 346 1744 ὃς
370 1668 446 1733 οὔτε
469 1671 636 1751 πολεμίων
660 1667 787 1732 ἔδεισεν
811 1665 973 1732 ἐπιόντων
992 1667 1094 1751 ὄχλον
1112 1665 1191 1730 οὔτε

169 1779 314 1840 πολιτῶν
338 1772 500 1851 αὐθάδεις
522 1772 578 1840 καὶ
599 1776 814 1857 παρανόμους
836 1772 1053 1840 ἐκολάκευσεν
1072 1770 1191 1858 ὁρμάς·

129 1903 155 1946 ιε
170 1880 206 1946 οί
226 1876 263 1945 δέ
286 1878 459 1965 δημοτικοὶ
482 1882 805 1966 δυσανασχετοῦντες
828 1877 881 1944 ἐπὶ
899 1889 967 1956 τοίς
986 1878 1269 1961 όυειδισμοῖς1388

169 1989 277 2074 βαρὺν
299 1985 355 2073 καὶ
377 1990 498 2074 πικρὸν
519 1985 575 2054 καὶ
592 1990 760 2072 πολεμίων
780 1984 935 2052 ἁπάντων
954 1988 1111 2072 ἔχθιστον
1130 1984 1191 2050 αὐ-

134 2101 154 2166 3
169 2095 228 2159 τὸν
247 2092 443 2160 ἀπεκάλουν.
480 2097 675 2181 προθυμίαν
694 2090 731 2159 δὲ
749 2094 878 2177 πολλήν
895 2087 987 2178 εἶχόν
1005 2114 1094 2168 τινες
1112 2092 1191 2174 ήδη,

169 2190 219 2276 οἷς
240 2203 326 2265 πολὺ
346 2209 476 2286 προσῆν
494 2203 532 2267 τὸ
550 2197 691 2287 εὐχερές,
715 2196 752 2262 ἐν
771 2208 891 2285 χειρῶν
910 2197 1013 2263 αὐτόν
1033 2198 1191 2281 διαφθεί-

170 2328 225 2391 ραι
243 2308 345 2395 νόμω.
381 2309 572 2392 συνήργουν
591 2303 622 2371 δ’
639 2306 751 2381 αὐτοῖς
769 2307 817 2380 είς
835 2312 933 2370 τοῦτο
952 2301 1007 2369 καὶ
1027 2303 1192 2386 συνελάμ-

132 2437 158 2476 ιο
171 2413 278 2495 βανον
309 2413 345 2477 oc
372 2413 551 2500 δήμαρχοι,
580 2411 635 2479 καὶ
666 2411 806 2497 μάλιστα
834 2413 1007 2486 Σικίννιος
1036 2408 1192 2476 ἐνεδίδου

177 2527 246 2594 τοῖς
264 2521 451 2603 βουλήμασι
470 2520 527 2595 τὰς
544 2518 649 2602 ήνίας.
684 2522 846 2584 τελευτῶν
865 2527 961 2601 γοῦν,
980 2515 1093 2600 ἐπειδή
1112 2521 1194 2583 πολ-

174 2624 237 2707 λήν
274 2623 378 2690 αὐτοῦ
411 2625 624 2712 καταδρομήν
656 2623 831 2709 ἐποιήσατο
864 2622 919 2688 καὶ
951 2626 1029 2701 τοὺς
1060 2625 1194 2707 θυμοὺς

170 2727 322 2808 ἐξέκαυσε
345 2741 412 2796 τῶν
431 2731 596 2815 δημοτῶν,
618 2734 723 2810 πολὺς
742 2729 866 2815 ἐμπυεύ
873 2747 933 2808 σας
953 2738 992 2816 τή
1011 2733 1194 2818 κατηγορίᾳ

171 2835 265 2916 τέλος
288 2836 473 2922 ἐξήνεγκεν,
499 2838 550 2904 ὅτι
574 2837 724 2904 θάνατον
748 2837 852 2904 αὐτοῦ
875 2840 1132 2924 καταῦηφιξεται
1154 2839 1194 2902 τὸ

242 2995 336 3049 θδπδ
356 3001 401 3064 χῑε
388 3015 450 3066 ερας
469 2995 542 3049 ΔΒε
561 2995 683 3064 θπδχει
653 3013 727 3064 ε.ιρα
746 2993 792 3047 Bb
866 2989 1014 3084 δέγίγετο
1032 2993 1055 3046 Β
1076 2988 1189 3062 ἐγένετο

170 3064 215 3136 R}
235 3064 434 3190 cOWe(
356 3015 415 3120 Βλ)ρ
424 3065 489 3136 (bis)
481 3069 510 3136 Ι
527 3065 744 3136 μεθελκομένοις
759 3064 781 3119 Ο
796 3068 901 3135 μεθελκ
903 3063 993 3135 ομένω
972 3081 1048 3120 ω.νο
1063 3065 1188 3134 Sylburg
1313 3075 1316 3083 '

172 3138 278 3205 μεθελκ
295 3155 379 3205 μενος
402 3154 425 3192 ο.
444 3137 548 3191 Reiske
622 3144 654 3260 1B3
679 3132 726 3191 ἐπ
727 3136 837 3191 όνταο
842 3136 958 3228 ὃγδοον
1053 3135 1138 3207 14όρ
1139 3135 1193 3206 γδις
1328 3163 1329 3170 ³

173 3223 196 3264 c
220 3205 364 3276 Kiessling
437 3215 470 3263 18
498 3207 651 3278 προσήνΒ
679 3202 715 3278 ήν
737 3208 764 3261 Β,
787 3211 792 3276 l
817 3208 891 3261 αῦτω
870 3216 909 3262 ῶν
933 3209 958 3261 Α
992 3225 1010 3262 ε,
1033 3157 1138 3262 οιυτδνρ
1145 3207 1195 3261 Bb

175 3282 208 3331 19
236 3276 434 3368 συν<η>ργουν
457 3278 480 3332 Β
509 3281 674 3350 συνείργουν
697 3279 717 3335 Ο
742 3278 916 3349 συνηγόρουν
940 3297 962 3336 ο.
981 3279 1083 3334 Portus
1157 3284 1192 3333 21

174 3347 274 3436 βρυλεό
271 3365 384 3485 χιευσιο.
403 3349 548 3431 Xiessling
602 3357 635 3404 23
654 3358 709 3405 τῶν
728 3352 856 3420 δημοτῶν
875 3351 1008 3414 πολιν-ς
1024 3351 1191 3424 κατηγορίᾳ,

174 3417 252 3482 τέλος
298 3417 421 3545 ήνεγκεν
440 3420 650 3492 interpungitur
668 3439 704 3478 vu
736 3438 766 3488 ο,
757 3424 933 3550 δηρΙ
848 3429 933 3491 τῶν
951 3423 1087 3484 πολθς-
1108 3441 1196 3490 κατη-

173 3492 256 3590 γορίρι
274 3487 383 3554 τέλοςέ
384 3510 524 3561 πηνεγιιευ
542 3491 651 3561 miger
669 3493 706 3548 ad
749 3492 797 3548 ion
854 3493 900 3551 ist
919 3512 946 3564 p
962 3499 1016 3549 4⁷4
