2660 3976
534 255 702 304 ..Η-

109 410 199 492 τινὲς
228 413 350 480 αὐτόθι
375 411 531 500 καρτεραὶ
557 409 613 479 καὶ
639 416 704 501 πρὸ
731 425 799 480 τῶν
827 413 1000 501 ἐρυμάτων
1024 415 1060 495 βξ
1080 421 1128 482 ῖαι

109 521 225 606 μάχαι·
257 520 299 586 ού
331 520 398 605 μὴν
430 518 515 585 ἑάλω
548 543 585 604 γε
617 523 654 586 τὸ
686 533 794 606 τεῖχος
825 521 889 588 άπὸ
921 522 1062 608 κράτους
1088 532 1128 608 τῇ

107 629 224 714 πρώτη
247 626 375 718 ἐφόδῳ,
401 623 473 692 ἀλλ’
502 625 610 692 ἐδόκει
637 631 762 713 χρόνου
785 628 857 694 δεῖν
882 628 915 712 [ἡ
939 631 1127 714 πολιορκία]

106 732 165 799 καλ
192 737 318 820 τριβῆς.
362 732 507 810 ἀποστάς
534 728 598 800 οὖν
624 743 682 818 τῆς
709 738 903 817 πολιορκίας
930 733 948 801 ὁ
975 735 1131 821 Μάρκιος

107 841 349 927 περιετάφρευε
376 842 487 929 κύκλφ
514 841 576 924 τὴν
603 843 703 906 πόλιν
729 837 787 907 καὶ
818 840 1043 928 ἀπεσταύρου,
1070 843 1129 918 τάς
1156 857 1171 899 ⁶

108 945 213 1024 ὁδοὺς
240 946 433 1031 φυλάττων,
460 947 516 1011 ἵνα
543 943 616 1031 μήτ’
644 946 750 1034 άγορδ
777 944 851 1032 μήτ’
879 947 1053 1033 ἐπικουρία
1079 971 1130 1025 τις

46 1052 227 1130 ιοεεαύτοῖς
244 1051 370 1130 ἔξωθεν
388 1049 616 1137 προσγένοιτο.
647 1049 801 1138 Ῥωμαῖοι
821 1050 859 1118 δὲ
877 1064 944 1120 των
962 1077 997 1120 τε
1015 1057 1166 1142 usum-3

108 1156 265 1244 τημένων
291 1160 356 1242 ἤδη
384 1161 515 1224 πόλεων
532 1160 593 1224 τὸν
617 1159 762 1244 ὄλεθρον
785 1158 963 1238 ἀκούοντες
985 1159 1041 1226 καὶ
1064 1172 1131 1227 τῶν

109 1263 355 1352 προσθεμένων
377 1271 423 1352 τῷ
446 1267 591 1354 Μαρκίῳ
614 1266 675 1349 τὴν
698 1264 858 1350 άνάνκην,
881 1276 953 1342 ταῖς
974 1289 1009 1332 τε
1032 1284 1131 1353 πρεσ-

110 1376 219 1458 βείαις
233 1369 467 1456 ἐνοχλούμενοι
485 1381 557 1447 ταῖς
575 1369 836 1457 ἀφικνουμέναις
853 1371 897 1450 ὡς
915 1371 1037 1449 αὐτοὺς
1055 1373 1132 1457 δση-
1146 1393 1173 1433 ιο

110 1476 210 1566 μέραι
237 1477 327 1563 παρά
355 1485 422 1542 τών
445 1487 620 1560 μενουσῶν
644 1475 681 1543 ἐν
703 1486 743 1563 τῇ
766 1480 862 1566 φιλία
883 1475 940 1544 καὶ
963 1475 1132 1563 δεομένων

110 1587 289 1671 βοηθείας,
316 1592 377 1649 τοῦ
404 1605 438 1648 τε
461 1585 649 1649 Λαουινίου
676 1585 735 1650 τὸν
758 1587 1004 1670 περιτειχισμὸν
1027 1584 1133 1672 ὀρρω-

111 1693 253 1767 δοῦντες
271 1680 308 1754 ἐν
326 1685 440 1775 χερσὶν
459 1689 551 1772 ὄντα,
573 1686 629 1754 καὶ
647 1691 679 1754 εί
699 1690 777 1755 τάδε
799 1691 836 1756 τὸ
858 1690 1026 1776 φρούριον
1048 1689 1132 1756 ἁλώ-

112 1814 205 1862 σεται
238 1797 298 1861 τὸν
329 1797 476 1878 πόλεμον
509 1792 563 1860 ἐπὶ
596 1804 683 1880 σφᾶς
713 1794 805 1880 ἥξειν
837 1795 942 1873 εὐθὺς
974 1799 1132 1881 οίύμενοι,

112 1908 194 1990 μίαν
222 1901 392 1986 ὑπέλαβον
418 1903 556 1967 ἔσεσθαι
581 1901 717 1968 πάντων
746 1914 812 1969 τῶν
834 1913 946 1969 κακῶν
969 1905 1081 1987 λύσιν,
1103 1905 1135 1968 εί
1147 1920 1174 1962 ιι

111 2013 318 2096 ψηφίσαιντο
341 2015 386 2096 τῷ
405 2010 549 2096 Μαρκίῳ
572 2009 635 2092 τὴν
657 2009 816 2076 κάθοδον.
861 2007 917 2074 καί
938 2008 956 2074 ὅ
974 2031 1010 2077 τε
1028 2011 1170 2094 δῆμος4

114 2118 200 2193 άπας
228 2113 309 2199 ἐβόα
335 2123 452 2197 τοῦτο,
481 2110 537 2178 καὶ
570 2115 606 2180 οί
635 2115 799 2202 δήμαρχοι
830 2119 937 2200 νόμον
966 2115 1134 2202 εἰσφέρειν

114 2219 198 2310 ὑπὲρ
232 2221 430 2306 ἀκυρώσεως
460 2228 518 2304 τῆς
554 2221 731 2303 καταδίκης
767 2219 960 2305 ἐβούλοντο·
993 2220 1066 2288 ἀλλ’
1101 2223 1137 2288 οί

115 2332 283 2416 πατρίκιοι
301 2327 559 2411 ἠναντιώθησαν
573 2326 686 2404 αὐτοῖς
704 2327 765 2392 ούκ
779 2326 949 2406 ἀξιοῦντες
962 2338 1029 2394 τῶν
1046 2330 1134 2395 δεδι-

114 2431 292 2520 κασμένων
315 2433 410 2498 λύειν
432 2430 548 2498 οὐθέν.
593 2432 638 2516 μὴ
664 2430 845 2517 γενομένου
868 2429 907 2498 δὲ
929 2437 1133 2521 προβουλεύ-
1148 2455 1176 2495 εο

116 2566 218 2628 ματος
244 2539 310 2607 ὑπὸ
337 2549 395 2623 τῆς
422 2543 546 2624 βουλῆς
572 2535 653 2605 ούδέ
679 2549 749 2615 τοῖς
776 2539 957 2626 δημάρχοις
985 2542 1032 2606 ἔτι
1054 2563 1135 2628 προ-

116 2655 229 2714 θεῖναι
246 2647 385 2731 γνώμην
402 2648 450 2723 είς
467 2648 527 2711 τὸν
544 2647 653 2730 δῆμον
672 2643 790 2710 ἐδόκει.
835 2645 853 2710 δ
876 2643 932 2711 καλ
950 2648 1171 2732 θαυμάζεινὸ

56 2756 223 2839 Ῑεῖεάξιον,
247 2751 303 2839 ἀφ’
326 2747 366 2836 ἧς
384 2753 505 2836 δήποτε
525 2753 633 2829 αίτίας
654 2750 675 2835 ἡ
699 2751 805 2835 βουλὴ
825 2753 1058 2831 σπουδάζουσα
1076 2756 1135 2820 τὸν

118 2864 310 2949 ἔμπροσθεν
332 2862 457 2946 χρόνον
478 2854 563 2943 ὑπὲρ
586 2867 647 2924 τοῦ
664 2860 823 2945 Μαρκίου
845 2861 918 2924 τότε
941 2858 1135 2950 βουλομένω

189 3093 206 3142 2
226 3086 285 3140 ἀπὸ
303 3085 423 3156 κράτους
441 3085 495 3140 ΑΒ
513 3085 586 3140 κατὰ
603 3085 706 3156 κράτος
723 3086 749 3140 R
804 3094 822 3142 δ
841 3087 932 3142 *δεῖν
950 3086 968 3156 τ)
987 3085 1136 3159 πολιορκία

119 3160 142 3214 Ο
161 3161 225 3214 δεῖν
244 3163 278 3227 τῇ
296 3154 446 3232 πολιορκίᾳ
464 3173 488 3210 ο.
506 3156 619 3226 Βεὶελτε,
637 3156 655 3226 ἡ
674 3176 704 3213 π.
723 3155 816 3211 delevi
870 3164 887 3212 4
905 3165 955 3228 τῆς
973 3161 1136 3229 πολιορκίας

119 3229 141 3285 O
169 3237 220 3298 τῆς
246 3229 426 3298 τειχομαχίας
452 3229 531 3297 Amg
552 3227 697 3297 Kiessling
723 3228 832 3297 recepit
958 3231 1085 3285 ῖαύτῶν
1112 3231 1135 3288 Ο

120 3303 217 3363 αὐτοῖς
236 3298 340 3369 Sylbur
441 3304 457 3353 8
475 3307 530 3352 τῶν
550 3299 627 3354 ούπω
645 3297 890 3369 προστεθειμένον
909 3316 932 3358 ο.
949 3299 1050 3356 (λιπες
1069 3301 1135 3360 obs.

119 3391 147 3442 p.
162 3377 196 3428 58
252 3377 305 3425 -18
324 3316 389 3425 τάδε
409 3368 504 3424 om.B
533 3371 537 3439 Ι
567 3370 705 3440 φρούριον
724 3370 747 3425 0
766 3373 869 3451 χωρίον
888 3387 912 3426 ο.
932 3371 1056 3428 Sintenis
1073 3373 1134 3428 Em.

120 3443 202 3498 Dion.
221 3441 261 3496 III
277 3445 311 3496 15
385 3446 418 3494 15
438 3439 609 3495 άπάντωνΟ
628 3457 698 3496 corr.
715 3438 860 3510 Kiesshng
931 3449 964 3498 17
983 3452 1065 3498 τοῦτο
1081 3463 1135 3502 om.

124 3513 145 3569 Ο
162 3513 279 3584 praeter
296 3513 318 3566 B
380 3518 423 3608 βι
443 3514 615 3581 προσθεῖναι
632 3512 709 3566 ΑΒο
727 3531 781 3583 προ
793 3553 799 3567 .
810 3511 954 3586 θ<εῖ>ναι
971 3514 1019 3568 Bb
