2660 3976
547 237 713 286 -H-
1074 234 1137 298 127

118 395 236 468 ἐλθεῖν
259 394 313 461 ἐπὶ
334 396 397 480 τῆν
419 394 518 462 θέαν·
547 396 627 462 ὅταν
651 393 681 460 δ’
709 396 746 462 ἐν
768 406 807 483 τῆ
831 401 926 464 πόλει
949 396 1045 483 γένη,
1072 410 1139 464 τῶν

119 503 390 586 ἀναγκαιοτάτων
421 502 496 568 τινά
530 519 583 569 σοι
615 507 724 588 φίλων
755 503 914 570 κέλευσον
947 503 1060 571 ἐλθεῖν
1094 506 1139 584 ὡς

118 613 196 686 τοὺς
218 609 367 687 ὑπάτους
389 608 443 675 καὶ
465 607 509 675 δι’
533 611 731 696 ἀπορρήτων
749 614 866 696 εἰπεῖν,
889 611 940 677 ὅτι
959 610 1138 697 μέλλουσιν

118 716 332 782 ἐπιτίθεσθαι
363 725 402 802 τῆ
434 719 528 783 πόλει
563 717 772 784 Οὐολοῦσκοι
809 719 956 805 νύκτωρ,
992 716 1048 784 καὶ
1085 716 1138 783 ἐπὶ
1193 787 1196 794 ,

115 821 213 889 τοῦθ’
244 825 364 907 ἥκουσι
391 826 428 890 τὸ
456 825 555 909 ἔργον
584 823 714 910 ἀθρόοι.
760 819 798 890 εὑ
825 827 889 911 γάρ
918 830 1007 908 ίσθι,
1034 825 1079 902 ὡς
1108 827 1138 889 εί
1164 849 1177 888 ε

115 927 205 995 τοῦτ’
241 929 419 996 ἀκούσειαν
453 926 556 996 οὐδὲν
592 933 640 995 ἔτι
673 930 905 1009 ἐνδοιάσαντες
937 930 1137 1016 ἐκβαλοῦσιν

115 1036 202 1120 ὑμᾶς
230 1036 267 1102 ἐκ
295 1045 354 1120 τῆς
376 1039 502 1114 πόλεως
525 1035 581 1102 καὶ
603 1036 804 1124 παρέξουσιν
827 1037 984 1124 ἀφορμὴν
1007 1041 1137 1116 δικαίας

117 1143 227 1229 ‘Wie-

183 1249 246 1314 III.
278 1247 334 1326 Ὡς
361 1247 392 1314 δ’
417 1251 538 1334 ῆκουσε
568 1248 668 1316 ταῦθ’
694 1251 713 1317 δ
745 1252 887 1335 Τύλλος,
917 1252 1133 1337 ὑπερηγάσθη

115 1380 150 1422 τε
181 1355 236 1421 καί
266 1359 326 1424 τὸν
352 1360 500 1442 παρόντα
530 1359 647 1440 καιρὸν
677 1366 735 1443 τῆς
769 1361 939 1442 στρατείας
970 1356 1134 1441 ἀναβαλύ-
1149 1384 1175 1422 ιο

115 1485 215 1547 μενος
238 1461 313 1549 περὶ
335 1464 396 1547 τῆν
418 1465 632 1549 παρασκευὴν
651 1462 778 1547 ἐγίνετο
796 1472 858 1530 τοῦ
877 1461 1032 1547 πολέμου.
1064 1461 1134 1528 ἐπεὶ

116 1565 152 1634 δέ
176 1575 325 1653 καθῆκεν
348 1570 366 1636 ὁ
390 1579 447 1655 τῆς
470 1569 571 1656 ἀρχῆς
593 1573 719 1658 καιρός,
738 1567 881 1636 Ἰουλίου
900 1568 1008 1636 τεκαὶ
1027 1573 1134 1635 Πινα-

115 1679 192 1760 ρίου
214 1675 277 1758 τῆν
298 1675 459 1742 ὑπατείαν
477 1678 541 1760 ῆδη
560 1678 825 1761 παρειληφότων,
848 1676 869 1760 ῆ
889 1680 1046 1763 κρατίστη
1066 1687 1133 1741 τῶν

115 1781 342 1848 Οὐολούσκων
364 1785 481 1867 νεότης
508 1782 540 1861 ἐξ
570 1781 697 1867 ἁπάσης
722 1784 864 1866 πόλεως,
892 1784 977 1860 ὡςὸ
1006 1785 1134 1859 Τύλλος

112 1887 222 1972 ῆξίου,
245 1899 355 1975 παρῆν
378 1887 432 1954 ἐπὶ
454 1889 515 1972 τῆν
534 1900 602 1955 τῶν
621 1889 761 1973 ἀγώνων
778 1886 878 1954 θέαν·
902 1888 959 1954 καὶ
976 1893 1132 1973 κατεσκῆ-
1147 1913 1172 1954 ιε

113 2017 200 2060 νουν
224 1996 260 2060 os
278 1999 416 2074 πλείους
428 1994 475 2061 ’ἐν
500 1997 601 2080 ίεροῐς
618 2019 652 2060 τε
671 1994 726 2061 καὶ
750 1997 923 2081 δημοσίοις
939 1999 1053 2072 τύποις
1072 1995 1133 2062 οὐκ

48 2103 246 2186 1σοεέχοντες
268 2104 461 2187 καταγωγὰς
486 2103 522 2168 ἐν
546 2105 665 2179 οίκίαις
686 2126 722 2167 τε
743 2100 799 2168 καὶ
821 2104 910 2190 παρά
933 2101 1050 2184 ξένοις,
1077 2099 1132 2166 καὶ

113 2207 212 2273 ὁπότε
242 2209 297 2272 διά
325 2220 392 2274 τῶν
414 2222 594 2275 στενωπῶν
617 2211 815 2294 πορεύοιντο
837 2210 919 2274 κατά
943 2210 1132 2294 συστροφάς

113 2313 169 2379 καὶ
198 2311 342 2399 ἑταιρίας
369 2315 490 2402 ἀθρόοι
518 2314 707 2402 διεξῄεσαν,
739 2316 822 2380 ὥστε
854 2312 909 2379 καὶ
937 2318 1039 2398 λύγον
1066 2318 1130 2400 ῆδη

24 2449 26 2453 ·
113 2424 270 2503 γίνεσθαι
292 2420 368 2507 περὶ
391 2423 501 2488 αὐτῶν
524 2422 589 2488 ἀνά
610 2424 673 2506 τὴν
694 2425 793 2488 πόλιν
816 2420 871 2486 καὶ
894 2422 1038 2501 ὑποψίας
1056 2423 1130 2489 άτό-
1144 2447 1170 2487 ιο

112 2547 205 2604 παυς.
251 2526 289 2592 ἐν
312 2524 350 2592 δὲ
372 2531 477 2619 τούτῳ
500 2528 716 2617 προσέρχεται
740 2539 810 2604 τοῖς
832 2527 970 2605 ὑπάτοις
991 2529 1010 2595 ὁ
1033 2537 1165 2600 κατα-2

112 2632 312 2711 σκευασθεὶς
338 2635 403 2702 ὑπὸ
431 2645 491 2702 τοῦ
519 2637 650 2701 Τύλλου
678 2637 840 2719 μηνυτής,
867 2635 913 2711 ὡς
935 2635 953 2701 ὁ
976 2636 1131 2721 Μάρκιος

110 2740 269 2825 ὑπέθετο,
287 2740 342 2806 καὶ
361 2744 406 2820 ὡς
424 2744 466 2826 δὴ
485 2742 674 2829 ἀπόρρητον
692 2739 813 2826 πρᾶξιν
830 2742 913 2806 κατά
926 2753 994 2807 τῶν
1009 2739 1129 2806 ἑαυτοῦ

109 2852 222 2932 φίλων
241 2847 376 2933 ἐχθροῖς
393 2848 525 2934 μέλλων
542 2846 695 2934 ἐκφέρειν
713 2847 827 2933 ὅρκοις
845 2849 1129 2932 καταλαμβάνεται

108 2959 189 3032 τοὺς
211 2955 360 3032 ὑπάτους
381 2951 465 3041 ὑπέρ
489 2955 670 3040 ἀσφαλείας
692 2978 726 3019 τε
749 2963 806 3038 τῆς
825 2953 925 3031 αὐτὸς
947 2954 1051 3020 αὑτοῦ
1073 2953 1129 3020 καὶ
1143 2974 1168 3015 π

108 3072 169 3128 τοῦ
193 3060 321 3146 μηδένα
346 3063 570 3129 Οὐολούσκων
593 3069 731 3148 μαθεῖν,
759 3060 849 3137 ὅστις
875 3055 918 3144 ῆν
947 3061 1049 3145 ὁτῆν
1068 3065 1128 3146 μή-

108 3185 210 3234 νυσιν
228 3165 299 3234 κατ’
322 3168 433 3233 αὐτῶν
450 3168 678 3253 πεποιημένος.
714 3165 767 3233 καὶ
786 3168 866 3251 μετὰ
885 3164 974 3232 τοῦτ’
998 3167 1128 3256 ἐκφέρει

180 3367 196 3415 5
217 3361 255 3422 ὡς
272 3377 327 3416 om.
347 3361 369 3414 B
427 3369 458 3415 12
477 3369 526 3430 τῆς
544 3362 632 3431 ἀρχῆς
650 3359 785 3428 καιρδςΟ
804 3366 853 3428 τῆς
872 3354 969 3430 ἑορτῆς
982 3381 1008 3416 ιι.
1028 3381 1051 3416 c.
1067 3362 1127 3431 Syl-

107 3431 180 3503 burg
269 3438 302 3494 15
321 3434 558 3501 ιιατασκηνοὺνΒ
644 3439 678 3486 25
697 3433 853 3500 ἀσφαλείας
875 3451 905 3486 τε
929 3440 978 3501 τῆς
996 3435 1127 3488 αάτοὺΑ

106 3503 134 3557 ἀ.
154 3523 183 3558 τε
202 3510 253 3573 τῆς
272 3502 357 3566 αὑτὸς
376 3505 462 3558 αὑτοῦ
481 3503 504 3556 Β
577 3511 610 3558 27
631 3498 760 3572 ἐπιφέρει
780 3502 802 3556 0
823 3498 937 3573 ἐκφέρει
954 3503 1058 3558 Reisko
