<?xml version="1.0" encoding="UTF-8"?>
<!DOCTYPE html PUBLIC "-//W3C//DTD XHTML 1.0 Transitional//EN"
    "http://www.w3.org/TR/xhtml1/DTD/xhtml1-transitional.dtd">
<html xmlns="http://www.w3.org/1999/xhtml" xml:lang="en" lang="en">
 <head>
  <title>
</title>
<meta http-equiv="Content-Type" content="text/html;charset=utf-8" />
  <meta name='ocr-system' content='tesseract 3.04.00' />
  <meta name='ocr-capabilities' content='ocr_page ocr_carea ocr_par ocr_line ocrx_word'/>
</head>
<body>
  <div class='ocr_page' id='page_1' title='image "./dionysihalicarn00unkngoog_0153.png"; bbox 0 0 2660 3976; ppageno 0'>
   <div class='ocr_carea' id='block_1_1' title="bbox 542 232 710 281">
    <p class='ocr_par' dir='ltr' id='par_1_1' title="bbox 542 232 710 281">
     <span class='ocr_line' id='line_1_1' title="bbox 542 232 710 281; baseline 0 -13"><span class='ocrx_word' id='word_1_1' title='bbox 542 232 710 281; x_wconf 69' lang='lat' dir='ltr'><strong><em>„H-</em></strong></span> 
     </span>
    </p>
   </div>
   <div class='ocr_carea' id='block_1_2' title="bbox 56 387 1181 3425">
    <p class='ocr_par' dir='ltr' id='par_1_2' title="bbox 111 387 1177 1650">
     <span class='ocr_line' id='line_1_2' title="bbox 182 387 1137 479; baseline 0.005 -24"><span class='ocrx_word' id='word_1_2' title='bbox 182 389 274 455; x_wconf 83' lang='grc' dir='ltr'><strong><em>ΧΙΠ.</em></strong></span> <span class='ocrx_word' id='word_1_3' title='bbox 314 387 446 474; x_wconf 73' lang='grc' dir='ltr'><strong><em>Ἐπειδὴ</em></strong></span> <span class='ocrx_word' id='word_1_4' title='bbox 483 387 520 456; x_wconf 72' lang='grc' dir='ltr'><strong><em>ὑλ</em></strong></span> <span class='ocrx_word' id='word_1_5' title='bbox 550 401 694 476; x_wconf 79' lang='grc' dir='ltr'><strong><em>συνῆκτο</em></strong></span> <span class='ocrx_word' id='word_1_6' title='bbox 723 393 787 476; x_wconf 72' lang='grc' dir='ltr'><strong><em>ἤδη</em></strong></span> <span class='ocrx_word' id='word_1_7' title='bbox 817 403 906 458; x_wconf 86' lang='grc' dir='ltr'><strong><em>πάσα</em></strong></span> <span class='ocrx_word' id='word_1_8' title='bbox 936 393 956 477; x_wconf 83' lang='grc' dir='ltr'><em>ἡ</em></span> <span class='ocrx_word' id='word_1_9' title='bbox 986 396 1137 479; x_wconf 77' lang='grc' dir='ltr'><strong><em>δύναμις,</em></strong></span> 
     </span>
     <span class='ocr_line' id='line_1_3' title="bbox 115 497 1138 585; baseline 0.003 -21"><span class='ocrx_word' id='word_1_10' title='bbox 115 497 314 582; x_wconf 81' lang='grc' dir='ltr'><strong><em>ἐβουλεύετο</em></strong></span> <span class='ocrx_word' id='word_1_11' title='bbox 345 499 426 582; x_wconf 86' lang='grc' dir='ltr'><strong><em>μετά</em></strong></span> <span class='ocrx_word' id='word_1_12' title='bbox 455 506 516 564; x_wconf 85' lang='grc' dir='ltr'><strong><em>τοῦ</em></strong></span> <span class='ocrx_word' id='word_1_13' title='bbox 546 498 771 584; x_wconf 77' lang='grc' dir='ltr'><strong><em>συνάρχοντος</em></strong></span> <span class='ocrx_word' id='word_1_14' title='bbox 801 499 819 565; x_wconf 90' lang='grc' dir='ltr'><strong>ὁ</strong></span> <span class='ocrx_word' id='word_1_15' title='bbox 848 500 1017 585; x_wconf 88' lang='grc' dir='ltr'><strong><em>Μάρκιος,</em></strong></span> <span class='ocrx_word' id='word_1_16' title='bbox 1049 501 1138 579; x_wconf 82' lang='grc' dir='ltr'><strong><em>ὅπως</em></strong></span> 
     </span>
     <span class='ocr_line' id='line_1_4' title="bbox 114 601 1136 691; baseline 0.004 -23"><span class='ocrx_word' id='word_1_17' title='bbox 114 602 277 690; x_wconf 77' lang='grc' dir='ltr'><strong><em>χρηστέον</em></strong></span> <span class='ocrx_word' id='word_1_18' title='bbox 299 614 370 681; x_wconf 85' lang='grc' dir='ltr'><strong><em>τοῖς</em></strong></span> <span class='ocrx_word' id='word_1_19' title='bbox 393 609 522 682; x_wconf 76' lang='grc' dir='ltr'><strong><em>λοιποῖς</em></strong></span> <span class='ocrx_word' id='word_1_20' title='bbox 545 605 744 690; x_wconf 76' lang='grc' dir='ltr'><strong><em>πράγμασιν.</em></strong></span> <span class='ocrx_word' id='word_1_21' title='bbox 790 607 852 691; x_wconf 82' lang='grc' dir='ltr'><strong><em>ἔφη</em></strong></span> <span class='ocrx_word' id='word_1_22' title='bbox 877 603 908 671; x_wconf 81' lang='grc' dir='ltr'><strong><em>θ’</em></strong></span> <span class='ocrx_word' id='word_1_23' title='bbox 930 601 992 672; x_wconf 91' lang='grc' dir='ltr'><strong><em>οὑν</em></strong></span> <span class='ocrx_word' id='word_1_24' title='bbox 1016 604 1136 689; x_wconf 89' lang='grc' dir='ltr'><strong><em>λέγων·</em></strong></span> 
     </span>
     <span class='ocr_line' id='line_1_5' title="bbox 111 705 1137 797; baseline 0.004 -23"><span class='ocrx_word' id='word_1_25' title='bbox 111 708 204 794; x_wconf 85' lang='grc' dir='ltr'><strong><em>Ἐμοὶ</em></strong></span> <span class='ocrx_word' id='word_1_26' title='bbox 227 712 336 797; x_wconf 78' lang='grc' dir='ltr'><strong><em>δοκεῖ,</em></strong></span> <span class='ocrx_word' id='word_1_27' title='bbox 365 705 391 775; x_wconf 83' lang='grc' dir='ltr'><em>ὦ</em></span> <span class='ocrx_word' id='word_1_28' title='bbox 420 711 542 794; x_wconf 83' lang='grc' dir='ltr'><strong><em>Τύλλε,</em></strong></span> <span class='ocrx_word' id='word_1_29' title='bbox 569 711 746 797; x_wconf 90' lang='grc' dir='ltr'><strong><em>κράτιστον</em></strong></span> <span class='ocrx_word' id='word_1_30' title='bbox 767 707 855 777; x_wconf 78' lang='grc' dir='ltr'><strong><em>εἶναι</em></strong></span> <span class='ocrx_word' id='word_1_31' title='bbox 876 715 1058 796; x_wconf 79' lang='grc' dir='ltr'><strong><em>νείμασθαι</em></strong></span> <span class='ocrx_word' id='word_1_32' title='bbox 1079 713 1137 790; x_wconf 87' lang='grc' dir='ltr'><strong><em>τάς</em></strong></span> 
     </span>
     <span class='ocr_line' id='line_1_6' title="bbox 115 813 1176 904; baseline 0 -22"><span class='ocrx_word' id='word_1_33' title='bbox 115 817 275 900; x_wconf 77' lang='grc' dir='ltr'><strong><em>δυνάμεις</em></strong></span> <span class='ocrx_word' id='word_1_34' title='bbox 292 817 378 902; x_wconf 84' lang='grc' dir='ltr'><strong><em>ἡμᾶς</em></strong></span> <span class='ocrx_word' id='word_1_35' title='bbox 392 819 481 902; x_wconf 73' lang='grc' dir='ltr'><strong><em>διχῇ·</em></strong></span> <span class='ocrx_word' id='word_1_36' title='bbox 504 818 616 882; x_wconf 74' lang='grc' dir='ltr'><strong><em>ἔπειτα</em></strong></span> <span class='ocrx_word' id='word_1_37' title='bbox 629 819 688 883; x_wconf 91' lang='grc' dir='ltr'><strong><em>τὸν</em></strong></span> <span class='ocrx_word' id='word_1_38' title='bbox 702 813 764 902; x_wconf 69' lang='grc' dir='ltr'><strong><em>μέν</em></strong></span> <span class='ocrx_word' id='word_1_39' title='bbox 778 817 891 904; x_wconf 80' lang='grc' dir='ltr'><strong><em>ἕτερον</em></strong></span> <span class='ocrx_word' id='word_1_40' title='bbox 904 819 1000 904; x_wconf 84' lang='grc' dir='ltr'><strong><em>ἡμῶν</em></strong></span> <span class='ocrx_word' id='word_1_41' title='bbox 1012 821 1136 902; x_wconf 89' lang='grc' dir='ltr'><strong><em>ἀγοντα</em></strong></span> <span class='ocrx_word' id='word_1_42' title='bbox 1163 842 1176 882; x_wconf 80' lang='grc' dir='ltr'><strong><em>ε</em></strong></span> 
     </span>
     <span class='ocr_line' id='line_1_7' title="bbox 115 920 1138 1012; baseline 0.004 -24"><span class='ocrx_word' id='word_1_43' title='bbox 115 926 195 1000; x_wconf 87' lang='grc' dir='ltr'><strong><em>τοὺς</em></strong></span> <span class='ocrx_word' id='word_1_44' title='bbox 228 923 469 1008; x_wconf 79' lang='grc' dir='ltr'><strong><em>ἀκμαιοτάτους</em></strong></span> <span class='ocrx_word' id='word_1_45' title='bbox 498 920 553 988; x_wconf 83' lang='grc' dir='ltr'><strong><em>καλ</em></strong></span> <span class='ocrx_word' id='word_1_46' title='bbox 583 925 859 1009; x_wconf 79' lang='grc' dir='ltr'><strong><em>προθυμοτάτους</em></strong></span> <span class='ocrx_word' id='word_1_47' title='bbox 888 926 988 1010; x_wconf 87' lang='grc' dir='ltr'><strong><em>ὁμόσε</em></strong></span> <span class='ocrx_word' id='word_1_48' title='bbox 1017 937 1138 1012; x_wconf 77' lang='grc' dir='ltr'><strong><em>χωρεῖν</em></strong></span> 
     </span>
     <span class='ocr_line' id='line_1_8' title="bbox 114 1027 1138 1117; baseline 0.005 -23"><span class='ocrx_word' id='word_1_49' title='bbox 114 1041 185 1107; x_wconf 88' lang='grc' dir='ltr'><strong><em>τοῖς</em></strong></span> <span class='ocrx_word' id='word_1_50' title='bbox 206 1034 380 1114; x_wconf 89' lang='grc' dir='ltr'><strong><em>πολεμίοις</em></strong></span> <span class='ocrx_word' id='word_1_51' title='bbox 403 1027 673 1117; x_wconf 85' lang='grc' dir='ltr'><strong><em>[μαχησόμενον],</em></strong></span> <span class='ocrx_word' id='word_1_52' title='bbox 696 1029 752 1095; x_wconf 84' lang='grc' dir='ltr'><strong><em>καὶ</em></strong></span> <span class='ocrx_word' id='word_1_53' title='bbox 774 1033 807 1096; x_wconf 90' lang='grc' dir='ltr'><strong><em>εί</em></strong></span> <span class='ocrx_word' id='word_1_54' title='bbox 827 1027 889 1116; x_wconf 73' lang='grc' dir='ltr'><strong><em>μὲν</em></strong></span> <span class='ocrx_word' id='word_1_55' title='bbox 911 1033 1138 1117; x_wconf 87' lang='grc' dir='ltr'><strong><em>ὑπομενοῦσιν</em></strong></span> 
     </span>
     <span class='ocr_line' id='line_1_9' title="bbox 114 1135 1140 1226; baseline 0.003 -24"><span class='ocrx_word' id='word_1_56' title='bbox 114 1139 162 1214; x_wconf 86' lang='grc' dir='ltr'><strong><em>είς</em></strong></span> <span class='ocrx_word' id='word_1_57' title='bbox 189 1148 302 1223; x_wconf 84' lang='grc' dir='ltr'><strong><em>χεῖρας</em></strong></span> <span class='ocrx_word' id='word_1_58' title='bbox 328 1136 409 1222; x_wconf 81' lang='grc' dir='ltr'><strong><em>ἡμῖν</em></strong></span> <span class='ocrx_word' id='word_1_59' title='bbox 435 1135 520 1202; x_wconf 87' lang='grc' dir='ltr'><strong><em>ἰέναι</em></strong></span> <span class='ocrx_word' id='word_1_60' title='bbox 542 1145 603 1224; x_wconf 79' lang='grc' dir='ltr'><strong><em>μιᾷ</em></strong></span> <span class='ocrx_word' id='word_1_61' title='bbox 624 1147 736 1222; x_wconf 87' lang='grc' dir='ltr'><strong><em>κρῖναι</em></strong></span> <span class='ocrx_word' id='word_1_62' title='bbox 759 1140 819 1203; x_wconf 90' lang='grc' dir='ltr'><strong><em>τὸν</em></strong></span> <span class='ocrx_word' id='word_1_63' title='bbox 842 1137 954 1221; x_wconf 84' lang='grc' dir='ltr'><strong><em>ἀγῶνα</em></strong></span> <span class='ocrx_word' id='word_1_64' title='bbox 977 1141 1080 1226; x_wconf 92' lang='grc' dir='ltr'><strong><em>μάχη,</em></strong></span> <span class='ocrx_word' id='word_1_65' title='bbox 1108 1142 1140 1205; x_wconf 88' lang='grc' dir='ltr'><strong><em>εί</em></strong></span> 
     </span>
     <span class='ocr_line' id='line_1_10' title="bbox 116 1240 1137 1336; baseline 0.004 -28"><span class='ocrx_word' id='word_1_66' title='bbox 116 1241 147 1308; x_wconf 81' lang='grc' dir='ltr'><strong><em>θ’</em></strong></span> <span class='ocrx_word' id='word_1_67' title='bbox 160 1242 424 1328; x_wconf 79' lang='grc' dir='ltr'><strong><em>ἀποκνήσουσιν,</em></strong></span> <span class='ocrx_word' id='word_1_68' title='bbox 439 1242 483 1319; x_wconf 80' lang='grc' dir='ltr'><strong><em>ὡς</em></strong></span> <span class='ocrx_word' id='word_1_69' title='bbox 496 1240 561 1325; x_wconf 82' lang='grc' dir='ltr'><strong><em>ἐγὼ</em></strong></span> <span class='ocrx_word' id='word_1_70' title='bbox 575 1245 746 1328; x_wconf 83' lang='grc' dir='ltr'><strong><em>πείθομαι,</em></strong></span> <span class='ocrx_word' id='word_1_71' title='bbox 761 1253 899 1331; x_wconf 83' lang='grc' dir='ltr'><strong><em>στρατιᾷ</em></strong></span> <span class='ocrx_word' id='word_1_72' title='bbox 912 1246 1137 1336; x_wconf 76' lang='grc' dir='ltr'><strong><em>νεοσυλλέκτῳ</em></strong></span> 
     </span>
     <span class='ocr_line' id='line_1_11' title="bbox 115 1347 1177 1436; baseline -0.001 -22"><span class='ocrx_word' id='word_1_73' title='bbox 115 1349 171 1414; x_wconf 88' lang='grc' dir='ltr'><strong><em>καὶ</em></strong></span> <span class='ocrx_word' id='word_1_74' title='bbox 203 1349 365 1434; x_wconf 73' lang='grc' dir='ltr'><strong><em>ἡγεμόσιν</em></strong></span> <span class='ocrx_word' id='word_1_75' title='bbox 397 1348 545 1434; x_wconf 90' lang='grc' dir='ltr'><strong><em>ἀπείροις</em></strong></span> <span class='ocrx_word' id='word_1_76' title='bbox 574 1348 721 1433; x_wconf 86' lang='grc' dir='ltr'><strong><em>πολέμου</em></strong></span> <span class='ocrx_word' id='word_1_77' title='bbox 750 1353 809 1416; x_wconf 90' lang='grc' dir='ltr'><strong><em>τὸν</em></strong></span> <span class='ocrx_word' id='word_1_78' title='bbox 838 1347 921 1436; x_wconf 73' lang='grc' dir='ltr'><strong><em>ὑπὲρ</em></strong></span> <span class='ocrx_word' id='word_1_79' title='bbox 951 1363 1018 1416; x_wconf 82' lang='grc' dir='ltr'><strong><em>τῶν</em></strong></span> <span class='ocrx_word' id='word_1_80' title='bbox 1048 1352 1137 1419; x_wconf 81' lang='grc' dir='ltr'><strong><em>ὅλων</em></strong></span> <span class='ocrx_word' id='word_1_81' title='bbox 1151 1377 1177 1414; x_wconf 86' lang='lat'><strong><em>10</em></strong></span> 
     </span>
     <span class='ocr_line' id='line_1_12' title="bbox 116 1453 1138 1543; baseline 0.003 -22"><span class='ocrx_word' id='word_1_82' title='bbox 116 1457 281 1522; x_wconf 79' lang='grc' dir='ltr'><strong><em>κίνδυνον</em></strong></span> <span class='ocrx_word' id='word_1_83' title='bbox 318 1453 520 1540; x_wconf 85' lang='grc' dir='ltr'><strong><em>ἐπιτρέπειν,</em></strong></span> <span class='ocrx_word' id='word_1_84' title='bbox 556 1457 618 1539; x_wconf 73' lang='grc' dir='ltr'><strong><em>τήν</em></strong></span> <span class='ocrx_word' id='word_1_85' title='bbox 649 1479 684 1520; x_wconf 88' lang='grc' dir='ltr'><strong><em>τε</em></strong></span> <span class='ocrx_word' id='word_1_86' title='bbox 717 1458 828 1543; x_wconf 80' lang='grc' dir='ltr'><strong><em>χώραν</em></strong></span> <span class='ocrx_word' id='word_1_87' title='bbox 860 1457 971 1522; x_wconf 82' lang='grc' dir='ltr'><strong><em>αὐτῶν</em></strong></span> <span class='ocrx_word' id='word_1_88' title='bbox 1004 1457 1138 1525; x_wconf 78' lang='grc' dir='ltr'><strong><em>ἐπιόντα</em></strong></span> 
     </span>
     <span class='ocr_line' id='line_1_13' title="bbox 116 1561 1139 1650; baseline 0.001 -22"><span class='ocrx_word' id='word_1_89' title='bbox 116 1569 263 1649; x_wconf 76' lang='grc' dir='ltr'><strong><em>πορθεῖν</em></strong></span> <span class='ocrx_word' id='word_1_90' title='bbox 290 1561 347 1628; x_wconf 86' lang='grc' dir='ltr'><strong><em>καὶ</em></strong></span> <span class='ocrx_word' id='word_1_91' title='bbox 373 1565 452 1639; x_wconf 88' lang='grc' dir='ltr'><strong><em>τοὺς</em></strong></span> <span class='ocrx_word' id='word_1_92' title='bbox 481 1563 673 1648; x_wconf 90' lang='grc' dir='ltr'><strong><em>συμμάχους</em></strong></span> <span class='ocrx_word' id='word_1_93' title='bbox 699 1573 864 1650; x_wconf 82' lang='grc' dir='ltr'><strong><em>περισπᾶν</em></strong></span> <span class='ocrx_word' id='word_1_94' title='bbox 888 1562 944 1629; x_wconf 86' lang='grc' dir='ltr'><strong><em>καὶ</em></strong></span> <span class='ocrx_word' id='word_1_95' title='bbox 966 1565 1023 1642; x_wconf 90' lang='grc' dir='ltr'><strong><em>τάς</em></strong></span> <span class='ocrx_word' id='word_1_96' title='bbox 1045 1563 1139 1631; x_wconf 88' lang='grc' dir='ltr'><strong><em>ἀποι-</em></strong></span> 
     </span>
    </p>

    <p class='ocr_par' dir='ltr' id='par_1_3' title="bbox 56 1667 1181 3425">
     <span class='ocr_line' id='line_1_14' title="bbox 56 1667 1138 1755; baseline 0.002 -21"><span class='ocrx_word' id='word_1_97' title='bbox 56 1674 191 1747; x_wconf 77' lang='grc' dir='ltr'><strong><em>ιε3οκίας</em></strong></span> <span class='ocrx_word' id='word_1_98' title='bbox 213 1669 365 1755; x_wconf 84' lang='grc' dir='ltr'><strong><em>ἀναιρεῖν</em></strong></span> <span class='ocrx_word' id='word_1_99' title='bbox 388 1667 443 1734; x_wconf 78' lang='grc' dir='ltr'><strong><em>καὶ</em></strong></span> <span class='ocrx_word' id='word_1_100' title='bbox 466 1677 533 1734; x_wconf 87' lang='grc' dir='ltr'><strong><em>πάν</em></strong></span> <span class='ocrx_word' id='word_1_101' title='bbox 556 1670 637 1734; x_wconf 86' lang='grc' dir='ltr'><strong><em>ἀλλο</em></strong></span> <span class='ocrx_word' id='word_1_102' title='bbox 656 1672 759 1735; x_wconf 92' lang='grc' dir='ltr'><strong><em>κακὸν</em></strong></span> <span class='ocrx_word' id='word_1_103' title='bbox 778 1669 846 1734; x_wconf 83' lang='grc' dir='ltr'><strong><em>ὅτι</em></strong></span> <span class='ocrx_word' id='word_1_104' title='bbox 866 1671 1002 1737; x_wconf 76' lang='grc' dir='ltr'><strong><em>δύναιτο</em></strong></span> <span class='ocrx_word' id='word_1_105' title='bbox 1020 1683 1138 1738; x_wconf 89' lang='grc' dir='ltr'><strong><em>ποιεῖν.</em></strong></span> 
     </span>
     <span class='ocr_line' id='line_1_15' title="bbox 116 1773 1174 1863; baseline 0.003 -21"><span class='ocrx_word' id='word_1_106' title='bbox 116 1779 177 1843; x_wconf 92' lang='grc' dir='ltr'><strong><em>τὸν</em></strong></span> <span class='ocrx_word' id='word_1_107' title='bbox 206 1773 237 1840; x_wconf 81' lang='grc' dir='ltr'><strong><em>θ’</em></strong></span> <span class='ocrx_word' id='word_1_108' title='bbox 267 1775 380 1861; x_wconf 78' lang='grc' dir='ltr'><strong><em>ἕτερον</em></strong></span> <span class='ocrx_word' id='word_1_109' title='bbox 408 1775 531 1841; x_wconf 81' lang='grc' dir='ltr'><strong><em>ἐνθάθε</em></strong></span> <span class='ocrx_word' id='word_1_110' title='bbox 561 1773 770 1861; x_wconf 86' lang='grc' dir='ltr'><strong><em>ὑπομένοντα</em></strong></span> <span class='ocrx_word' id='word_1_111' title='bbox 792 1779 945 1863; x_wconf 79' lang='grc' dir='ltr'><strong><em>φυλακην</em></strong></span> <span class='ocrx_word' id='word_1_112' title='bbox 967 1783 1174 1845; x_wconf 81' lang='grc' dir='ltr'><strong><em>ποιεῖσθαι2</em></strong></span> 
     </span>
     <span class='ocr_line' id='line_1_16' title="bbox 117 1878 1179 1970; baseline -0.004 -23"><span class='ocrx_word' id='word_1_113' title='bbox 117 1891 176 1966; x_wconf 77' lang='grc' dir='ltr'><strong><em>τῆς</em></strong></span> <span class='ocrx_word' id='word_1_114' title='bbox 195 1905 231 1947; x_wconf 90' lang='grc' dir='ltr'><strong><em>τε</em></strong></span> <span class='ocrx_word' id='word_1_115' title='bbox 249 1883 359 1968; x_wconf 83' lang='grc' dir='ltr'><strong><em>χώρας</em></strong></span> <span class='ocrx_word' id='word_1_116' title='bbox 376 1878 432 1946; x_wconf 86' lang='grc' dir='ltr'><strong><em>καὶ</em></strong></span> <span class='ocrx_word' id='word_1_117' title='bbox 449 1891 517 1947; x_wconf 79' lang='grc' dir='ltr'><strong><em>τῶν</em></strong></span> <span class='ocrx_word' id='word_1_118' title='bbox 536 1885 679 1966; x_wconf 86' lang='grc' dir='ltr'><strong><em>πόλεων,</em></strong></span> <span class='ocrx_word' id='word_1_119' title='bbox 702 1883 746 1966; x_wconf 79' lang='grc' dir='ltr'><strong><em>μη</em></strong></span> <span class='ocrx_word' id='word_1_120' title='bbox 766 1883 919 1949; x_wconf 79' lang='grc' dir='ltr'><strong><em>λάθωσιν</em></strong></span> <span class='ocrx_word' id='word_1_121' title='bbox 937 1879 1140 1970; x_wconf 80' lang='grc' dir='ltr'><strong><em>ἀφυλάκτοις</em></strong></span> <span class='ocrx_word' id='word_1_122' title='bbox 1155 1903 1179 1944; x_wconf 89' lang='lat'><strong><em>15</em></strong></span> 
     </span>
     <span class='ocr_line' id='line_1_17' title="bbox 118 1985 1139 2076; baseline 0.004 -23"><span class='ocrx_word' id='word_1_123' title='bbox 118 1988 331 2066; x_wconf 81' lang='grc' dir='ltr'><strong><em>ἐπιπεσόντες</em></strong></span> <span class='ocrx_word' id='word_1_124' title='bbox 353 1988 467 2065; x_wconf 87' lang='grc' dir='ltr'><strong><em>αὐτοῖς</em></strong></span> <span class='ocrx_word' id='word_1_125' title='bbox 490 1988 525 2053; x_wconf 86' lang='grc' dir='ltr'><strong><em>οί</em></strong></span> <span class='ocrx_word' id='word_1_126' title='bbox 545 1985 707 2073; x_wconf 87' lang='grc' dir='ltr'><strong><em>πολέμιοι,</em></strong></span> <span class='ocrx_word' id='word_1_127' title='bbox 730 1987 784 2054; x_wconf 86' lang='grc' dir='ltr'><strong><em>καλ</em></strong></span> <span class='ocrx_word' id='word_1_128' title='bbox 807 1999 941 2075; x_wconf 85' lang='grc' dir='ltr'><strong><em>πρᾶγμα</em></strong></span> <span class='ocrx_word' id='word_1_129' title='bbox 965 1996 1139 2076; x_wconf 86' lang='grc' dir='ltr'><strong><em>αῖσχιστον</em></strong></span> 
     </span>
     <span class='ocr_line' id='line_1_18' title="bbox 118 2087 1138 2182; baseline 0.002 -22"><span class='ocrx_word' id='word_1_130' title='bbox 118 2095 298 2180; x_wconf 84' lang='grc' dir='ltr'><strong><em>πάθωμεν,</em></strong></span> <span class='ocrx_word' id='word_1_131' title='bbox 327 2094 364 2160; x_wconf 84' lang='grc' dir='ltr'><strong><em>ἐν</em></strong></span> <span class='ocrx_word' id='word_1_132' title='bbox 394 2087 420 2182; x_wconf 75' lang='grc' dir='ltr'><em>ᾧ</em></span> <span class='ocrx_word' id='word_1_133' title='bbox 451 2105 519 2159; x_wconf 83' lang='grc' dir='ltr'><strong><em>τῶν</em></strong></span> <span class='ocrx_word' id='word_1_134' title='bbox 549 2093 703 2182; x_wconf 86' lang='grc' dir='ltr'><strong><em>ἀπόντων</em></strong></span> <span class='ocrx_word' id='word_1_135' title='bbox 732 2094 893 2181; x_wconf 83' lang='grc' dir='ltr'><strong><em>ἐφιέμεθα</em></strong></span> <span class='ocrx_word' id='word_1_136' title='bbox 921 2097 961 2160; x_wconf 86' lang='grc' dir='ltr'><strong><em>τά</em></strong></span> <span class='ocrx_word' id='word_1_137' title='bbox 988 2100 1138 2181; x_wconf 87' lang='grc' dir='ltr'><strong><em>παρόντα</em></strong></span> 
     </span>
     <span class='ocr_line' id='line_1_19' title="bbox 119 2199 1137 2289; baseline 0.002 -23"><span class='ocrx_word' id='word_1_138' title='bbox 119 2199 367 2287; x_wconf 87' lang='grc' dir='ltr'><strong><em>ἀφαιρεθέντες.</em></strong></span> <span class='ocrx_word' id='word_1_139' title='bbox 412 2200 496 2265; x_wconf 89' lang='grc' dir='ltr'><strong><em>ἀλλά</em></strong></span> <span class='ocrx_word' id='word_1_140' title='bbox 523 2201 586 2286; x_wconf 82' lang='grc' dir='ltr'><strong><em>χρη</em></strong></span> <span class='ocrx_word' id='word_1_141' title='bbox 613 2203 672 2266; x_wconf 91' lang='grc' dir='ltr'><strong><em>τὸν</em></strong></span> <span class='ocrx_word' id='word_1_142' title='bbox 696 2200 818 2267; x_wconf 83' lang='grc' dir='ltr'><strong><em>ε’νθάὺε</em></strong></span> <span class='ocrx_word' id='word_1_143' title='bbox 841 2201 1050 2286; x_wconf 83' lang='grc' dir='ltr'><strong><em>ὑπομένοντα</em></strong></span> <span class='ocrx_word' id='word_1_144' title='bbox 1072 2205 1137 2289; x_wconf 70' lang='grc' dir='ltr'><strong><em>ἤδη</em></strong></span> 
     </span>
     <span class='ocr_line' id='line_1_20' title="bbox 119 2305 1140 2394; baseline 0.004 -22"><span class='ocrx_word' id='word_1_145' title='bbox 119 2310 208 2394; x_wconf 83' lang='grc' dir='ltr'><strong><em>τείχη</em></strong></span> <span class='ocrx_word' id='word_1_146' title='bbox 232 2306 261 2373; x_wconf 87' lang='grc' dir='ltr'><strong><em>τ’</em></strong></span> <span class='ocrx_word' id='word_1_147' title='bbox 284 2307 474 2393; x_wconf 87' lang='grc' dir='ltr'><strong><em>ἀνορθοῦν,</em></strong></span> <span class='ocrx_word' id='word_1_148' title='bbox 500 2307 561 2372; x_wconf 78' lang='grc' dir='ltr'><strong><em>ὅσα</em></strong></span> <span class='ocrx_word' id='word_1_149' title='bbox 583 2305 748 2393; x_wconf 85' lang='grc' dir='ltr'><strong><em>πέπτωκε,</em></strong></span> <span class='ocrx_word' id='word_1_150' title='bbox 771 2305 826 2373; x_wconf 86' lang='grc' dir='ltr'><strong><em>καλ</em></strong></span> <span class='ocrx_word' id='word_1_151' title='bbox 849 2309 996 2394; x_wconf 84' lang='grc' dir='ltr'><strong><em>τάφρους</em></strong></span> <span class='ocrx_word' id='word_1_152' title='bbox 1018 2310 1140 2376; x_wconf 86' lang='grc' dir='ltr'><strong><em>ἀνακα-</em></strong></span> 
     </span>
     <span class='ocr_line' id='line_1_21' title="bbox 119 2411 1179 2502; baseline -0.003 -22"><span class='ocrx_word' id='word_1_153' title='bbox 119 2420 254 2501; x_wconf 90' lang='grc' dir='ltr'><strong><em>θαίρειν</em></strong></span> <span class='ocrx_word' id='word_1_154' title='bbox 277 2411 333 2479; x_wconf 85' lang='grc' dir='ltr'><strong><em>καὶ</em></strong></span> <span class='ocrx_word' id='word_1_155' title='bbox 355 2415 502 2500; x_wconf 85' lang='grc' dir='ltr'><strong><em>φρούρια</em></strong></span> <span class='ocrx_word' id='word_1_156' title='bbox 525 2413 682 2499; x_wconf 82' lang='grc' dir='ltr'><strong><em>ὀχυροῦν,</em></strong></span> <span class='ocrx_word' id='word_1_157' title='bbox 705 2416 760 2479; x_wconf 81' lang='grc' dir='ltr'><strong><em>ἵνα</em></strong></span> <span class='ocrx_word' id='word_1_158' title='bbox 782 2425 852 2492; x_wconf 84' lang='grc' dir='ltr'><strong><em>τοῖς</em></strong></span> <span class='ocrx_word' id='word_1_159' title='bbox 874 2426 1059 2501; x_wconf 86' lang='grc' dir='ltr'><strong><em>γεωργοῦσι</em></strong></span> <span class='ocrx_word' id='word_1_160' title='bbox 1077 2419 1138 2502; x_wconf 77' lang='grc' dir='ltr'><strong><em>τὴν</em></strong></span> <span class='ocrx_word' id='word_1_161' title='bbox 1153 2439 1179 2478; x_wconf 81' lang='grc' dir='ltr'><strong><em>εο</em></strong></span> 
     </span>
     <span class='ocr_line' id='line_1_22' title="bbox 120 2518 1138 2608; baseline 0.002 -21"><span class='ocrx_word' id='word_1_162' title='bbox 120 2524 232 2608; x_wconf 82' lang='grc' dir='ltr'><strong><em>χώραν</em></strong></span> <span class='ocrx_word' id='word_1_163' title='bbox 255 2521 429 2608; x_wconf 86' lang='grc' dir='ltr'><strong><em>ὑπάρχωσι</em></strong></span> <span class='ocrx_word' id='word_1_164' title='bbox 451 2524 654 2605; x_wconf 90' lang='grc' dir='ltr'><strong><em>καταφυγαί,</em></strong></span> <span class='ocrx_word' id='word_1_165' title='bbox 678 2521 836 2605; x_wconf 87' lang='grc' dir='ltr'><strong><em>στρατιάν</em></strong></span> <span class='ocrx_word' id='word_1_166' title='bbox 858 2518 886 2585; x_wconf 90' lang='grc' dir='ltr'><strong><em>τ’</em></strong></span> <span class='ocrx_word' id='word_1_167' title='bbox 907 2522 1013 2605; x_wconf 86' lang='grc' dir='ltr'><strong><em>ἀλλην</em></strong></span> <span class='ocrx_word' id='word_1_168' title='bbox 1035 2541 1138 2608; x_wconf 90' lang='grc' dir='ltr'><strong><em>προσ-</em></strong></span> 
     </span>
     <span class='ocr_line' id='line_1_23' title="bbox 120 2622 1140 2715; baseline 0.001 -22"><span class='ocrx_word' id='word_1_169' title='bbox 120 2629 346 2714; x_wconf 78' lang='grc' dir='ltr'><strong><em>καταγράφειν</em></strong></span> <span class='ocrx_word' id='word_1_170' title='bbox 375 2625 430 2692; x_wconf 81' lang='grc' dir='ltr'><strong><em>καλ</em></strong></span> <span class='ocrx_word' id='word_1_171' title='bbox 459 2627 584 2712; x_wconf 88' lang='grc' dir='ltr'><strong><em>τροφάς</em></strong></span> <span class='ocrx_word' id='word_1_172' title='bbox 613 2638 693 2704; x_wconf 84' lang='grc' dir='ltr'><strong><em>τοῖς</em></strong></span> <span class='ocrx_word' id='word_1_173' title='bbox 712 2626 773 2704; x_wconf 79' lang='grc' dir='ltr'><strong><em>ἔξω</em></strong></span> <span class='ocrx_word' id='word_1_174' title='bbox 804 2622 900 2692; x_wconf 85' lang='grc' dir='ltr'><strong><em>οὖσιν</em></strong></span> <span class='ocrx_word' id='word_1_175' title='bbox 931 2626 1140 2715; x_wconf 81' lang='grc' dir='ltr'><strong><em>ἐπιχορηγεῖν</em></strong></span> 
     </span>
     <span class='ocr_line' id='line_1_24' title="bbox 120 2730 1140 2820; baseline 0 -20"><span class='ocrx_word' id='word_1_176' title='bbox 120 2735 175 2800; x_wconf 88' lang='grc' dir='ltr'><strong><em>καὶ</em></strong></span> <span class='ocrx_word' id='word_1_177' title='bbox 206 2735 294 2800; x_wconf 80' lang='grc' dir='ltr'><strong><em>ὅπλα</em></strong></span> <span class='ocrx_word' id='word_1_178' title='bbox 323 2734 496 2820; x_wconf 83' lang='grc' dir='ltr'><strong><em>χαλκεύειν</em></strong></span> <span class='ocrx_word' id='word_1_179' title='bbox 526 2730 581 2798; x_wconf 85' lang='grc' dir='ltr'><strong><em>καλ</em></strong></span> <span class='ocrx_word' id='word_1_180' title='bbox 611 2739 646 2798; x_wconf 80' lang='grc' dir='ltr'><strong><em>εί</em></strong></span> <span class='ocrx_word' id='word_1_181' title='bbox 669 2757 701 2798; x_wconf 89' lang='grc' dir='ltr'><strong><em>τι</em></strong></span> <span class='ocrx_word' id='word_1_182' title='bbox 731 2733 813 2799; x_wconf 89' lang='grc' dir='ltr'><strong><em>ἀλλο</em></strong></span> <span class='ocrx_word' id='word_1_183' title='bbox 841 2733 1023 2818; x_wconf 90' lang='grc' dir='ltr'><strong><em>ἀναγκαῖον</em></strong></span> <span class='ocrx_word' id='word_1_184' title='bbox 1050 2737 1140 2801; x_wconf 83' lang='grc' dir='ltr'><strong><em>ἔσται</em></strong></span> 
     </span>
     <span class='ocr_line' id='line_1_25' title="bbox 119 2839 1176 2929; baseline 0.001 -22"><span class='ocrx_word' id='word_1_185' title='bbox 119 2852 257 2929; x_wconf 84' lang='grc' dir='ltr'><strong><em>πρᾶγμα</em></strong></span> <span class='ocrx_word' id='word_1_186' title='bbox 280 2839 380 2918; x_wconf 86' lang='grc' dir='ltr'><strong><em>ὀξέως</em></strong></span> <span class='ocrx_word' id='word_1_187' title='bbox 401 2840 586 2926; x_wconf 83' lang='grc' dir='ltr'><strong><em>ὑπηρετεῖν.</em></strong></span> <span class='ocrx_word' id='word_1_188' title='bbox 633 2840 754 2924; x_wconf 81' lang='grc' dir='ltr'><strong><em>θίθωμι</em></strong></span> <span class='ocrx_word' id='word_1_189' title='bbox 778 2839 818 2905; x_wconf 74' lang='grc' dir='ltr'><strong><em>δέ</em></strong></span> <span class='ocrx_word' id='word_1_190' title='bbox 838 2857 892 2907; x_wconf 94' lang='grc' dir='ltr'><strong><em>σοι</em></strong></span> <span class='ocrx_word' id='word_1_191' title='bbox 914 2843 975 2926; x_wconf 76' lang='grc' dir='ltr'><strong><em>τὴν</em></strong></span> <span class='ocrx_word' id='word_1_192' title='bbox 999 2842 1176 2927; x_wconf 82' lang='grc' dir='ltr'><strong><em>αἵρεσιν,3</em></strong></span> 
     </span>
     <span class='ocr_line' id='line_1_26' title="bbox 121 2946 1181 3034; baseline -0.006 -21"><span class='ocrx_word' id='word_1_193' title='bbox 121 2955 186 3014; x_wconf 79' lang='grc' dir='ltr'><strong><em>εἴτε</em></strong></span> <span class='ocrx_word' id='word_1_194' title='bbox 203 2957 265 3033; x_wconf 83' lang='grc' dir='ltr'><strong><em>της</em></strong></span> <span class='ocrx_word' id='word_1_195' title='bbox 282 2946 463 3034; x_wconf 89' lang='grc' dir='ltr'><strong><em>ὑπερορίου</em></strong></span> <span class='ocrx_word' id='word_1_196' title='bbox 483 2954 636 3032; x_wconf 83' lang='grc' dir='ltr'><strong><em>στρατιᾶς</em></strong></span> <span class='ocrx_word' id='word_1_197' title='bbox 653 2951 718 3011; x_wconf 88' lang='grc' dir='ltr'><strong><em>είτε</em></strong></span> <span class='ocrx_word' id='word_1_198' title='bbox 738 2954 795 3030; x_wconf 79' lang='grc' dir='ltr'><strong><em>τῆς</em></strong></span> <span class='ocrx_word' id='word_1_199' title='bbox 812 2946 935 3012; x_wconf 80' lang='grc' dir='ltr'><strong><em>ἐνθάθε</em></strong></span> <span class='ocrx_word' id='word_1_200' title='bbox 953 2948 1140 3032; x_wconf 85' lang='grc' dir='ltr'><strong><em>ὑπομενού-</em></strong></span> <span class='ocrx_word' id='word_1_201' title='bbox 1155 2967 1181 3008; x_wconf 82' lang='grc' dir='ltr'><strong><em>ει</em></strong></span> 
     </span>
     <span class='ocr_line' id='line_1_27' title="bbox 122 3051 1141 3142; baseline -0.001 -21"><span class='ocrx_word' id='word_1_202' title='bbox 122 3072 182 3141; x_wconf 88' lang='grc' dir='ltr'><strong><em>σης</em></strong></span> <span class='ocrx_word' id='word_1_203' title='bbox 205 3051 335 3131; x_wconf 80' lang='grc' dir='ltr'><strong><em>ἐθέλεις</em></strong></span> <span class='ocrx_word' id='word_1_204' title='bbox 353 3065 557 3140; x_wconf 86' lang='grc' dir='ltr'><strong><em>στρατηγεῖν.</em></strong></span> <span class='ocrx_word' id='word_1_205' title='bbox 593 3061 696 3118; x_wconf 88' lang='grc' dir='ltr'><strong><em>ταῦτα</em></strong></span> <span class='ocrx_word' id='word_1_206' title='bbox 714 3051 869 3136; x_wconf 87' lang='grc' dir='ltr'><strong><em>λέγοντος</em></strong></span> <span class='ocrx_word' id='word_1_207' title='bbox 887 3054 991 3121; x_wconf 85' lang='grc' dir='ltr'><strong><em>αὑτοῦ</em></strong></span> <span class='ocrx_word' id='word_1_208' title='bbox 1010 3057 1141 3142; x_wconf 79' lang='grc' dir='ltr'><strong><em>σφόδρα</em></strong></span> 
     </span>
     <span class='ocr_line' id='line_1_28' title="bbox 197 3209 1143 3300; baseline 0.001 -35"><span class='ocrx_word' id='word_1_209' title='bbox 197 3210 287 3280; x_wconf 79' lang='grc' dir='ltr'><strong><em>Ιῆθη</em></strong></span> <span class='ocrx_word' id='word_1_210' title='bbox 307 3210 372 3265; x_wconf 79' lang='lat' dir='ltr'><strong><em>add</em></strong></span> <span class='ocrx_word' id='word_1_211' title='bbox 391 3210 414 3263; x_wconf 94' lang='lat' dir='ltr'>B</span> <span class='ocrx_word' id='word_1_212' title='bbox 477 3217 492 3265; x_wconf 79' lang='lat'><strong>7</strong></span> <span class='ocrx_word' id='word_1_213' title='bbox 512 3209 707 3300; x_wconf 87' lang='grc' dir='ltr'><strong><em>μαχησόμενον</em></strong></span> <span class='ocrx_word' id='word_1_214' title='bbox 726 3210 781 3265; x_wconf 79' lang='lat' dir='ltr'><strong><em>del</em></strong></span> <span class='ocrx_word' id='word_1_215' title='bbox 802 3211 926 3266; x_wconf 73' lang='lat' dir='ltr'>Cobebl</span> <span class='ocrx_word' id='word_1_216' title='bbox 946 3212 964 3272; x_wconf 93' lang='lat' dir='ltr'>l</span> <span class='ocrx_word' id='word_1_217' title='bbox 1025 3219 1143 3283; x_wconf 87' lang='grc' dir='ltr'><strong><em>9στρα-</em></strong></span> 
     </span>
     <span class='ocr_line' id='line_1_29' title="bbox 123 3281 1142 3373; baseline 0.002 -37"><span class='ocrx_word' id='word_1_218' title='bbox 123 3285 186 3358; x_wconf 79' lang='grc' dir='ltr'><strong><em>τείρι</em></strong></span> <span class='ocrx_word' id='word_1_219' title='bbox 210 3282 233 3337; x_wconf 92' lang='grc'><strong>0</strong></span> <span class='ocrx_word' id='word_1_220' title='bbox 252 3281 406 3352; x_wconf 73' lang='grc' dir='ltr'><strong><em>μτοοῖετΒ</em></strong></span> <span class='ocrx_word' id='word_1_221' title='bbox 481 3288 513 3335; x_wconf 78' lang='grc'><strong><em>15</em></strong></span> <span class='ocrx_word' id='word_1_222' title='bbox 532 3281 756 3373; x_wconf 79' lang='grc' dir='ltr'><strong><em>ἀφυλάκτφς-</em></strong></span> <span class='ocrx_word' id='word_1_223' title='bbox 777 3289 809 3337; x_wconf 86' lang='grc'><strong><em>16</em></strong></span> <span class='ocrx_word' id='word_1_224' title='bbox 834 3283 929 3346; x_wconf 78' lang='grc' dir='ltr'><strong><em>αὐτοῖς</em></strong></span> <span class='ocrx_word' id='word_1_225' title='bbox 947 3282 970 3337; x_wconf 92' lang='grc'><strong>0</strong></span> <span class='ocrx_word' id='word_1_226' title='bbox 989 3285 1142 3353; x_wconf 73' lang='grc' dir='ltr'><strong><em>μτοεθθεΒ</em></strong></span> 
     </span>
     <span class='ocr_line' id='line_1_30' title="bbox 125 3338 1143 3425; baseline 0.002 -17"><span class='ocrx_word' id='word_1_227' title='bbox 125 3338 223 3416; x_wconf 78' lang='grc' dir='ltr'><strong><em>αὑταῖς</em></strong></span> <span class='ocrx_word' id='word_1_228' title='bbox 247 3371 269 3410; x_wconf 87' lang='grc' dir='ltr'><strong><em>ο.</em></strong></span> <span class='ocrx_word' id='word_1_229' title='bbox 288 3353 391 3407; x_wconf 74' lang='lat' dir='ltr'>Portus</span> <span class='ocrx_word' id='word_1_230' title='bbox 464 3359 497 3407; x_wconf 93' lang='lat'><strong><em>18</em></strong></span> <span class='ocrx_word' id='word_1_231' title='bbox 520 3351 575 3421; x_wconf 81' lang='grc' dir='ltr'><strong><em>ἥὸη</em></strong></span> <span class='ocrx_word' id='word_1_232' title='bbox 596 3352 618 3408; x_wconf 92' lang='grc' dir='ltr'><strong>Ο</strong></span> <span class='ocrx_word' id='word_1_233' title='bbox 641 3361 694 3408; x_wconf 83' lang='grc' dir='ltr'><strong><em>νῦν</em></strong></span> <span class='ocrx_word' id='word_1_234' title='bbox 711 3352 767 3422; x_wconf 75' lang='grc' dir='ltr'><strong><em>ἤδη</em></strong></span> <span class='ocrx_word' id='word_1_235' title='bbox 785 3347 866 3407; x_wconf 86' lang='lat' dir='ltr'><strong><em>vel</em></strong></span> <span class='ocrx_word' id='word_1_236' title='bbox 849 3375 867 3424; x_wconf 91' lang='grc' dir='ltr'><strong><em>η</em></strong></span> <span class='ocrx_word' id='word_1_237' title='bbox 887 3357 936 3409; x_wconf 80' lang='grc' dir='ltr'><strong><em>θεῖ</em></strong></span> <span class='ocrx_word' id='word_1_238' title='bbox 954 3372 1011 3424; x_wconf 77' lang='lat' dir='ltr'><strong><em>qua</em></strong></span> <span class='ocrx_word' id='word_1_239' title='bbox 1029 3373 1080 3425; x_wconf 75' lang='lat' dir='ltr'><strong><em>par</em></strong></span> <span class='ocrx_word' id='word_1_240' title='bbox 1099 3360 1143 3410; x_wconf 75' lang='lat' dir='ltr'><strong><em>est</em></strong></span> 
     </span>
    </p>
   </div>
   <div class='ocr_carea' id='block_1_3' title="bbox 126 3409 1143 3583">
    <p class='ocr_par' dir='ltr' id='par_1_4' title="bbox 126 3409 1143 3566">
     <span class='ocr_line' id='line_1_31' title="bbox 126 3409 1143 3500; baseline 0.004 -22"><span class='ocrx_word' id='word_1_241' title='bbox 126 3424 272 3480; x_wconf 79' lang='lat' dir='ltr'>c.Reiske</span> <span class='ocrx_word' id='word_1_242' title='bbox 290 3424 412 3494; x_wconf 78' lang='grc' dir='ltr'><strong><em>ἡμῶνο.</em></strong></span> <span class='ocrx_word' id='word_1_243' title='bbox 430 3423 575 3494; x_wconf 81' lang='lat' dir='ltr'>Kiessling</span> <span class='ocrx_word' id='word_1_244' title='bbox 635 3430 667 3479; x_wconf 88' lang='lat'><strong><em>19</em></strong></span> <span class='ocrx_word' id='word_1_245' title='bbox 687 3424 795 3494; x_wconf 87' lang='grc' dir='ltr'><strong><em>ὀρθονν</em></strong></span> <span class='ocrx_word' id='word_1_246' title='bbox 813 3409 865 3479; x_wconf 78' lang='lat' dir='ltr'><strong><em>AB</em></strong></span> <span class='ocrx_word' id='word_1_247' title='bbox 921 3433 955 3482; x_wconf 79' lang='lat'><strong><em>20</em></strong></span> <span class='ocrx_word' id='word_1_248' title='bbox 975 3426 1143 3500; x_wconf 82' lang='grc' dir='ltr'><strong><em>&lt;φρου&gt;ρια</em></strong></span> 
     </span>
     <span class='ocr_line' id='line_1_32' title="bbox 127 3495 599 3583; baseline -0.002 -35"><span class='ocrx_word' id='word_1_249' title='bbox 127 3495 150 3548; x_wconf 95' lang='grc' dir='ltr'>Β</span> <span class='ocrx_word' id='word_1_250' title='bbox 222 3503 254 3550; x_wconf 76' lang='grc'><strong><em>21</em></strong></span> <span class='ocrx_word' id='word_1_251' title='bbox 278 3496 426 3566; x_wconf 87' lang='grc' dir='ltr'><strong><em>στρατείαν</em></strong></span> <span class='ocrx_word' id='word_1_252' title='bbox 445 3495 521 3583; x_wconf 76' lang='grc' dir='ltr'><strong><em>ΑΒο</em></strong></span> <span class='ocrx_word' id='word_1_253' title='bbox 584 3500 599 3522; x_wconf 81' lang='grc'><em>’</em></span> 
     </span>
    </p>
   </div>
   <div class='ocr_carea' id='block_1_4' title="bbox 0 0 1348 3976">
    <p class='ocr_par' dir='ltr' id='par_1_5' title="bbox 0 0 1348 3976">
     <span class='ocr_line' id='line_1_33' title="bbox 0 0 1348 3976; baseline 0 0"><span class='ocrx_word' id='word_1_254' title='bbox 0 0 1348 3976; x_wconf 95' lang='lat' dir='ltr'><strong><em> </em></strong></span> 
     </span>
    </p>
   </div>
  </div>
 </body>
</html>
