2656 3974
561 212 729 264 -Θ-
1087 214 1152 280 353

135 377 250 458 τιμήν,
278 374 322 458 ήν
350 373 387 440 έκ
408 383 469 441 τοῦ
491 375 614 451 παντὸς
636 369 724 458 εἶχεν
748 374 993 461 ἀναμφίλεκτον
1015 381 1153 463 χρόνον,

7 538 11 563 ,
135 479 398 566 βασιλευομένης
415 504 449 546 τε
464 477 519 546 καί
532 478 805 566 τυραννουμένης
817 489 874 565 τῆς
888 483 1023 560 πόλεως.
1045 487 1152 550 πολλὰ
1168 489 1188 553 8

136 581 174 652 δέ
196 583 253 652 καλ
275 587 359 652 ίίλλα
382 587 512 664 τούτοις
536 586 634 670 ὅμοια
656 585 819 672 προσθεὶς
840 584 896 652 καὶ
919 587 1058 666 οὐδενὸς
1076 590 1153 656 οὔτε

5 770 9 795 Ι
135 702 258 780 πικροῦ
280 693 469 780 πράγματος
492 693 568 759 οὔτε
591 695 791 778 βλασφήμου
813 693 975 779 ὀνόματος
997 696 1153 781 φεισάμε-

5 810 8 826 ’
135 823 205 883 νος,
222 804 387 866 τελευτῶν
405 799 534 866 ἐκεῖνον
551 802 600 865 ἔτι
618 797 827 887 προσέθηκεν
845 803 903 868 τὸν
922 804 1035 886 λόγον,
1054 799 1106 886 ἐφ’
1126 796 1153 892 ᾧ
1181 825 1194 867 ε

136 906 276 990 μάλιστα
290 906 311 991 ἡ
325 909 460 991 πληθύς
472 906 712 992 ἠγανάκτησεν,
730 907 782 972 ὅτι
795 911 918 994 χρόνον
933 907 1056 974 οὐδένα
1069 911 1153 975 παύ-

136 1028 227 1078 σεται
252 1013 470 1092 στασιάζουσα
492 1010 568 1099 περὶ
585 1014 709 1090 παντὸς
726 1014 892 1099 χρήματος
908 1014 928 1098 ἡ
947 1019 1054 1101 πόλις,
1078 1014 1150 1082 ἀλλ’

135 1119 204 1184 αίεί
222 1142 298 1185 τινα
321 1120 441 1204 καινήν
464 1115 518 1184 ἐπὶ
540 1125 665 1206 παλαιᾷ
687 1119 823 1201 νοσήσει
846 1121 961 1203 νόσον,
984 1119 1047 1198 ἕως
1068 1121 1152 1206 άνή

135 1235 203 1292 τῶν
221 1225 400 1312 δημάρχων
419 1224 550 1304 έξουσία
565 1223 718 1312 διαμένη·
738 1223 919 1309 διδάσκων,
938 1225 989 1290 ὅτι
1003 1228 1153 1312 πράγμα-

133 1353 192 1409 τος
218 1335 341 1411 παντὸς
367 1336 541 1399 πολιτικοῦ
568 1330 624 1398 καὶ
649 1341 766 1398 κοινοῦ
789 1332 846 1408 τὰς
869 1331 971 1417 άρχδις
992 1337 1153 1419 προσήκει
1166 1361 1193 1401 10

136 1449 289 1523 σκοπεῖν,
323 1438 412 1516 ὅπως
443 1439 590 1523 εὐσεβεῖς
617 1440 748 1503 ἔσονται
776 1435 831 1502 καί
859 1438 992 1504 δίκαιοι.
1041 1446 1154 1525 φιλεῖν

135 1545 200 1630 γάρ
229 1543 266 1610 έκ
289 1541 351 1630 μέν
374 1553 441 1612 τῶν
463 1544 603 1628 ἀγαθῶν
631 1543 828 1630 σπερμάτων
855 1548 1018 1631 χρηστοὺς
1044 1550 1154 1632 μίμνε-

62 1656 218 1720 ιὸοῖσθαι
245 1649 300 1716 καί
323 1651 471 1736 εὐτυχεῖς
492 1653 571 1728 τοὺς
593 1651 756 1737 καρπούς,
785 1649 823 1717 έιι
846 1647 883 1718 δὲ
905 1663 972 1719 τῶν
995 1665 1154 1740 πονηρῶν

134 1758 257 1833 κακοὺς
279 1754 334 1822 καὶ
357 1757 545 1842 ὀλεθρίους.

202 1862 365 1928 XXXXV.
394 1867 440 1928 Εί
460 1860 522 1948 μὲν
545 1859 620 1949 οὖν,
643 1867 717 1950 ἔφη,
739 1865 800 1947 ήδε
821 1865 843 1949 ή
868 1865 951 1952 άρχή
974 1861 1051 1950 μεθ’
1075 1866 1153 1951 ὁμο·
1167 1888 1193 1930 ιι

134 1973 229 2046 νοίας
256 1971 414 2054 εἰσῆλθεν
441 1972 490 2049 είς
516 1973 578 2056 τήν
604 1975 704 2038 πόλιν
732 1969 785 2037 ἐπὶ
808 1981 853 2059 τςό
877 1972 1011 2036 πάντων
1034 1970 1152 2059 ἀγαθῷ

37 2121 46 2140 .
134 2084 295 2161 παροῦσα,
311 2078 374 2141 σὺν
398 2078 531 2155 οἰωνοῖς
553 2100 588 2142 τε
611 2074 667 2142 καὶ
686 2077 836 2161 ὀττείαις,
857 2081 992 2143 πολλῶν
1011 2075 1053 2142 άν
1071 2078 1153 2162 ἡμῖν

136 2181 263 2266 ἐγίνετο
286 2179 343 2248 καλ
366 2183 518 2267 μεγάλων
541 2181 681 2266 ἀμαθῶν
704 2185 804 2266 αίτία,
826 2186 983 2268 χαρίτων,
1007 2183 1153 2270 ὁμοφρο-

136 2290 251 2373 σύνης,
269 2289 438 2375 εὐνομίας,
457 2288 602 2356 ἐλπίδων
620 2299 772 2376 χρηστῶν
785 2289 874 2374 παρά
888 2297 949 2354 τοῦ
963 2289 1152 2377 δαιμονίου,

135 2399 266 2482 μυρίων
294 2396 419 2462 ἄλλων·
451 2405 516 2462 νῦν
544 2394 598 2479 δέ,
625 2399 683 2479 βία
706 2395 768 2482 γάρ
792 2394 896 2478 αὐτὴν
920 2397 1072 2480 είσήνανε
1096 2396 1193 2465 καίεο

5 2535 7 2582 ι
135 2505 326 2588 παρανομία
350 2499 406 2568 καὶ
430 2501 542 2579 στάσις
564 2499 620 2568 καί
642 2498 789 2587 πολέμου
812 2497 887 2578 δέος
910 2500 1074 2587 ἐμφυλίου
1096 2502 1152 2569 καὶ

5 2593 7 2664 ἶ
134 2608 243 2675 πάντα
265 2609 305 2675 τὰ
328 2611 465 2694 ἔχθιστα
489 2607 525 2674 έν
548 2607 741 2694 ἀνθρώποις
763 2611 798 2673 τί
818 2601 880 2673 οὖν
899 2609 947 2672 έτι
965 2606 1021 2674 καὶ
1039 2607 1151 2694 μέλλει

135 2716 281 2801 χρηστὸν
309 2717 449 2782 ἔσεσθαί
473 2711 545 2781 ποτ’
572 2713 593 2799 ή
622 2716 787 2801 σωτήριον
808 2715 962 2792 τοιαύτας
985 2717 1152 2802 λαβούσης

35 2843 37 2848 ·
134 2823 194 2899 τάς
222 2821 336 2909 άρχάς;
371 2821 454 2887 ὥστε
481 2823 649 2907 περίεστιν
671 2821 753 2906 ήμῖν
777 2826 866 2886 ίασιν
888 2818 945 2887 καί
967 2820 1152 2907 ἀλεξήματα

61 2939 204 2996 1εοετῶν
232 2927 553 3013 ἀναβλαστανόντων
581 2925 614 3006 ἐξ
637 2926 739 3011 αύτής
760 2937 872 2993 κακῶν
896 2931 1017 3012 ζητεῖν,
1046 2929 1152 2996 ὁπόσα
1166 2953 1193 2995 ει

136 3037 184 3113 εἰς
217 3032 436 3121 ἀνθρώπινον
467 3037 577 3101 πίπτει
610 3038 788 3120 λογισμόν,
824 3035 989 3120 μενούσης
1017 3037 1065 3100 ἔτι
1095 3045 1153 3122 τής

210 3267 242 3316 12
262 3261 313 3331 μὲν
332 3279 386 3320 om.
404 3262 430 3316 A
503 3269 535 3318 17
554 3269 696 3332 παριούσα
715 3279 739 3318 c.
758 3260 882 3317 sintenis
901 3261 962 3318 Em.
975 3261 1058 3319 Dion.
1076 3264 1103 3318 Π
1117 3265 1149 3337 δή

136 3332 209 3406 κ<αι
228 3333 368 3406 ὀττείαις)
388 3334 436 3388 Bb
515 3341 548 3389 18
573 3331 683 3404 ἐγένετο
706 3350 729 3388 c.
748 3332 839 3389 Cobet
856 3334 922 3389 Obs.
941 3351 969 3403 p.
985 3339 1036 3389 182
1117 3342 1151 3394 20

137 3413 190 3460 νῦν
209 3403 240 3460 δέ
261 3399 323 3459 ἐπεὶ
342 3407 390 3477 βίοι
410 3405 432 3460 0
451 3408 564 3475 praeter
581 3405 629 3459 Ba
700 3411 734 3460 23
753 3423 821 3460 ποτε
839 3403 947 3460 add.B
1020 3411 1055 3461 24
1072 3411 1153 3480 περί-

138 3492 213 3530 εστιν
233 3474 255 3529 0
274 3475 405 3545 περιττόν
425 3471 499 3532 έστιν
518 3493 541 3531 ο.
562 3476 686 3530 Βίαῖειιίε
705 3477 724 3534 1.
739 3475 757 3529 l.

190 3575 290 3617 mom.
306 3575 370 3616 Eu.
380 3575 426 3618 111.
453 3585 493 3617 ιιι.
505 3576 607 3618 mon.
956 3571 991 3620 23
