2586 3972
194 263 261 328 226
619 264 786 314 -Η-

195 425 355 510 ἡγεμόνα,
373 422 429 490 καλ
447 426 496 503 είς
513 425 553 490 τά
571 420 740 508 Ῥωμαίων
758 425 1019 510 προσεχώρησαν
1038 427 1109 508 ἔθη.
1143 421 1202 489 διέ-

196 556 299 617 μενον
318 527 380 599 οὖν
400 529 453 597 έπὶ
471 537 627 598 πλεῖστον
645 533 770 617 χρόνον
788 539 846 614 τῆς
867 529 991 614 ἡμέρας
1009 529 1203 617 ἀγχωμάλως

196 640 234 704 αί
258 639 425 723 φάλαγγες
451 636 707 721 ἀγωνιζόμεναι,
738 634 794 700 καὶ
822 635 843 720 ἡ
872 646 932 702 τοῦ
959 640 1085 722 χωρίου
1111 637 1203 720 φάσις

196 743 371 829 ἀνώμαλος
402 737 487 809 οὖσα
519 740 685 826 ἑκατέροις
715 743 823 808 πολλά
854 744 902 819 είς
933 745 970 809 τὸ
1003 748 1203 810 πλεονεκτεῖν

168 848 266 916 ικατ’
293 849 448 934 ἀλλήλων
473 852 656 935 παρείχετο.
703 850 738 916 οί
763 847 793 914 δ’
823 849 931 926 ίππεϊς
956 861 1025 915 τῶν
1042 847 1255 934 Ῥωμαίωνιεει

196 958 272 1041 διχῇ
300 957 470 1040 νείμαντες
498 953 652 1039 ἑαυτούς,
679 956 715 1021 οί
739 951 814 1040 μέν’
828 957 911 1020 κατά
938 957 978 1021 τὰ
992 955 1123 1039 πλάγια
1143 967 1202 1021 τῶν

195 1065 364 1146 πολεμίων
391 1061 455 1127 άπὸ
483 1071 544 1128 τοῦ
572 1061 684 1139 δεξιοῦ
711 1059 815 1148 κέρως
842 1060 1083 1147 ἐμβάλλουσιν,
1115 1064 1148 1128 οί
1171 1057 1202 1127 δὲ

133 1187 137 1195 “
196 1171 430 1256 περιελθόντες
448 1168 503 1233 διά
517 1178 578 1233 τοῦ
592 1171 699 1253 λόφου
714 1178 784 1244 τοῖς
796 1170 936 1234 κατόπιν
950 1167 1201 1254 ἐπιρράττουσιν.

160 1272 304 1341 ὅέπειδ’
329 1275 366 1344 οί
390 1270 452 1359 μὲν
475 1275 753 1352 εἰσακοντίζοντες
774 1275 832 1352 τάς
855 1278 991 1360 λόγχας,
1021 1276 1057 1341 οί
1076 1273 1114 1341 δὲ
1134 1278 1202 1351 τοὺς

156 1407 183 1448 ιο
196 1382 297 1466 ὁμόσε
316 1389 507 1467 χωροῦντας
525 1392 593 1458 τοῖς
612 1381 757 1457 ἱππικοῖς
775 1381 884 1466 ξίφεσι
902 1381 1117 1467 μακροτέροις
1134 1377 1201 1448 οὖσι

195 1489 278 1554 κατά
296 1491 487 1574 βραχιόνων
508 1491 663 1564 παίοντες
681 1485 736 1552 καὶ
754 1489 844 1574 παρά
868 1489 924 1565 τάς
947 1487 1093 1572 ἀγκύλας
1114 1511 1200 1554 κατα-

195 1593 369 1681 φέροντες,
391 1599 526 1660 πολλῶν
551 1590 612 1678 μὲν
633 1595 691 1670 τάς
715 1593 956 1679 [άμυνομένας,
984 1594 1005 1679 ἣ
1028 1596 1201 1670 σκεπούσας

195 1702 236 1766 τά
259 1703 407 1786 σώματα]
437 1713 549 1787 χεῖρας
571 1701 683 1778 αὐτοῖς
705 1701 913 1786 σκεπάσμασί
933 1724 966 1767 τε
988 1699 1046 1767 καὶ
1068 1700 1200 1786 άμννιη-

196 1811 282 1894 ρίοις
304 1806 500 1892 ἀπέκοπτον,
523 1809 668 1883 πολλοὺς
690 1803 728 1872 δὲ
750 1807 903 1889 γονάτων
923 1829 957 1872 τε
975 1805 1032 1872 καί
1050 1805 1199 1892 ἀστραγά-

157 1939 182 1980 ιι
196 1920 265 1981 λων
283 1918 425 1998 πληγαῖς
442 1917 596 1998 βαθείαις
614 1913 678 1980 άπὸ
701 1919 875 1999 κρατίστης
893 1914 1020 1998 βάσεως
1035 1911 1200 2003 ἐρρίπτουν

161 2020 380 2105 6ημιῦανεῑς.
434 2024 652 2107 περιειστήκει
688 2044 723 2086 τε
759 2021 929 2086 πάντοθεν
960 2031 1030 2097 τοϊς
1064 2020 1201 2086 Οὐολού-

197 2144 289 2205 σκοις
315 2130 352 2193 τὸ
381 2129 508 2193 δεινόν·
537 2126 573 2193 έκ
600 2124 662 2212 μὲν
692 2127 755 2211 γάρ
779 2139 846 2193 τῶν
870 2127 952 2192 κατά
975 2128 1154 2210 πρόσωπον
1173 2125 1203 2190 οί

196 2232 286 2312 πεζοὶ
310 2234 422 2310 αὐτοῖς
446 2231 622 2316 ἐνέκειντο,
645 2231 681 2298 έκ
700 2229 738 2298 δέ
756 2245 823 2298 τῶν
841 2236 991 2316 πλαγίων
1009 2257 1045 2298 τε
1067 2231 1123 2299 καὶ
1144 2243 1201 2297 τῶν

195 2342 334 2405 κατόπιν
358 2341 394 2406 οί
421 2341 544 2423 ίππείς,
571 2339 654 2404 ὥστε
682 2335 765 2424 ὑπὲρ
794 2339 939 2424 δύναμιν
968 2337 1092 2423 ἀγαθοὶ
1119 2341 1201 2423 γενό

156 2471 184 2512 αο
196 2469 292 2531 μενοι
314 2444 369 2510 καὶ
392 2448 498 2512 πολλὰ
521 2449 601 2530 ἔργα
619 2449 740 2530 τόλμης
760 2468 795 2511 τε
814 2443 870 2510 καὶ
889 2445 1057 2531 έμπειρίας
1081 2445 1249 2513 ἀποδω-1668

196 2551 344 2637 ξάμενοι,
362 2559 482 2636 μικροῦ
502 2553 574 2617 δεῖν
592 2552 712 2628 πάντες
731 2551 766 2618 οἱ
782 2554 819 2618 τὸ
839 2550 949 2629 δεξιὸν
967 2552 1066 2639 κέρας
1084 2555 1201 2638 ἔχοντες

196 2662 432 2743 κατεκόπησαν.
470 2659 505 2724 οί
522 2656 552 2724 δ’
576 2657 612 2723 έν
630 2655 713 2744 μέση
731 2681 767 2723 τε
789 2666 828 2743 τῇ
846 2658 999 2742 ,φάλαγγι
1021 2656 1201 2743 τεταγμένοι

195 2765 251 2833 καὶ
275 2764 329 2832 ἐπὶ
352 2774 413 2832 τοῦ
437 2762 550 2847 ἑτέρου
573 2762 677 2846 κέρως
701 2763 813 2849 ἐπειδη
837 2767 875 2831 τὸ
900 2764 1012 2843 δεξιόν
1034 2788 1069 2831 τε
1092 2787 1200 2852 παρερ

196 2873 364 2960 ρηγμένον
387 2866 480 2936 εῖδον
501 2868 639 2937 καὶτὸν
663 2870 913 2956 αὐτὸντρόπον
942 2869 1095 2950 έπιόντας
1116 2873 1199 2957 σφίσι
1241 2873 1244 2883 ’

155 3007 182 3048 ει
196 2983 276 3056 τοὺς
303 2989 371 3044 τῶν
397 2974 566 3062 Ῥωμαίων
597 2977 719 3060 ἱππεῖς,
753 2975 955 3056 ἐξελίξαντες
985 2981 1063 3056 τοὺς
1093 2982 1199 3064 λόχους

196 3087 305 3173 βάδην
335 3083 530 3170 ἀπεχώρουν
560 3081 613 3148 ἐπὶ
642 3085 701 3149 τὸν
730 3084 874 3169 χάρακα,
902 3081 959 3149 καὶ
989 3085 1025 3151 οί
1048 3097 1115 3151 τῦν
1134 3082 1198 3148 Ῥω·
1270 3162 1271 3172 ¹

268 3318 352 3382 ῦτης
369 3315 471 3382 postea
489 3310 661 3376 additumss
737 3311 809 3367 ῦτδι
828 3311 934 3368 adm
1010 3312 1095 3367 Βδιά
1111 3311 1133 3365 Β
1150 3306 1198 3363 άτό

195 3385 232 3474 ΕΙ
295 3390 327 3437 12
347 3384 527 3473 ἀμυνομένας
545 3379 562 3450 ἢ
582 3382 738 3465 σκεπούσας
756 3382 791 3437 τά
810 3383 924 3475 ρώματα
943 3382 999 3438 del.
1018 3383 1121 3473 Reisk9
1171 3384 1198 3433 15

195 3455 454 3584 fff‘fflflzg'mffss
469 3453 957 3594 ἓξδῖἒέἰῗλὲεφέἷέλλλιῗο
977 3451 1198 3597 ifflgssgsxomc
