2656 3974
570 241 737 294 ..Θ-

144 401 206 491 μέν
229 400 298 471 οὔτ’
321 401 417 470 αὐτοὶ
440 402 645 489 ἐψηφίσαπο
667 400 809 487 πέμπειν
831 403 909 470 οὔτε
927 407 1084 483 Λατίνοις
1107 405 1165 471 ἐπ-

144 510 286 600 έτρεψαν
318 509 463 595 ἐξάγειν,
494 510 699 596 πρεσβευτὰς
730 505 761 574 δ’
793 506 946 595 ἑλόμενοι
977 523 1082 598 τρεῖς,
1113 507 1164 578 ὧν

143 619 254 703 ἡγεῖτο
274 620 417 694 Κόιντος
437 617 565 701 Φάβιος
588 617 606 684 ό
630 618 688 694 τὰς
709 617 792 704 πρὸς
814 619 852 682 τὸ
872 619 973 696 ἔθνος
990 621 1164 704 συνθήκας

143 726 376 810 ποιησόμενος,
398 722 638 809 <ἀπέστειλαν>
656 722 795 802 ἐντολάς
813 723 926 802 αὐτοῖς
944 726 1059 803 δόντες
1076 747 1162 791 πυν-

118 832 313 898 εθόνεσθαι
344 831 434 917 παρὰ
460 841 527 897 τῶν
554 828 752 915 ἡγουμένων
779 840 840 897 τοῦ
868 833 1006 916 ἔθνους,
1038 834 1163 917 πότερα

143 947 241 1024 κοινῇ
268 939 381 1024 γνώμῃ
404 938 444 1003 τά
467 939 627 1024 λῃστήρια
651 936 948 1016 ἐξαποστέλλουσιν
971 944 1019 1016 είς
1041 962 1076 1004 τε
1098 940 1162 1023 τήν

142 1055 211 1110 τῶν
235 1043 416 1130 συμμάχων
439 1041 495 1110 καὶ
517 1045 565 1121 είς
588 1043 650 1128 τήν
673 1054 741 1110 τῶν
758 1040 928 1128 Ῥωμαίων
950 1054 1015 1130 γῆν
1029 1080 1073 1093 -—
1092 1044 1161 1130 ἐγέ-

143 1175 244 1218 νοντο
267 1152 331 1238 γάρ
353 1173 441 1229 τινες
463 1149 519 1217 καὶ
542 1153 590 1228 είς
612 1151 717 1235 αὐτήν
739 1150 946 1239 καταδρομαὶ
967 1163 1036 1218 τῶν
1053 1153 1162 1238 φυγαί-

144 1259 213 1323 δων
239 1295 277 1306 -
303 1258 324 1343 ή
353 1269 420 1325 τῶν
450 1256 686 1346 πραττομένων
716 1258 855 1336 οὐδενός
884 1258 954 1325 ἐστι
980 1261 1018 1325 τὸ
1045 1262 1161 1325 κοινὸν

104 1387 130 1430 10
144 1371 266 1431 αίτιον·
293 1362 348 1430 καὶ
372 1364 431 1432 ε’ἀν
454 1377 564 1450 φῶσιν
588 1366 733 1431 ἰδιωτῶν
756 1368 836 1452 ἔργα
858 1360 945 1431 εἶναι
968 1367 1012 1451 μή
1036 1365 1160 1452 ἐπιτρέ-

142 1482 269 1550 ψαντος
290 1483 351 1539 τοῦ
373 1474 495 1559 δήμου,
516 1469 611 1537 τόθ’
629 1470 824 1558 ἡρπασμένα
841 1471 991 1538 ἀπαιτεῖν
1009 1471 1065 1539 καί
1083 1476 1162 1551 τοὺς

106 1576 388 1665 4ἐργασαμένους
420 1578 622 1663 τάδικήματα
654 1578 814 1657 ἐκδότους
846 1581 988 1661 [αίτεῐν].
1042 1578 1239 1664 &mmo-1913

142 1683 253 1771 μένων
277 1681 313 1751 δέ
336 1696 404 1751 τῶν
426 1689 651 1772 πρεσβευτῶν·
664 1685 866 1763 ἀκούσαντες
886 1687 965 1762 τοὺς
987 1687 1108 1769 λόγους
1127 1686 1163 1751 ολ

142 1790 286 1858 Αἰκανοὶ
317 1796 458 1875 πλαγίας
488 1792 602 1870 αὐτοῖς
635 1794 757 1859 ἐδοσαν
789 1791 997 1879 ἀποκρίσεις,
1028 1795 1066 1859 τὸ
1098 1790 1160 1878 μὲν

103 1919 128 1961 ιε
143 1901 243 1986 ἔργον
261 1899 323 1966 οὐκ
341 1898 406 1965 ἀπὸ
424 1908 538 1984 κοινῆς
555 1897 708 1983 λέγοντες
726 1899 860 1986 γνώμης
877 1897 1064 1984 γεγονέναι,
1081 1902 1161 1978 τοὺς
1289 1913 1294 1920 ’

143 2002 182 2071 δὲ
205 2005 391 2092 δράσαντας
414 2006 476 2072 οὐκ
498 2004 668 2085 ἀξιοῦντες
690 2005 876 2092 ἐκδιδόναι,
902 2009 1002 2073 πόλιν
1025 2003 1052 2072 ί
1081 2005 1162 2073 ἀπο-

142 2116 325 2190 λωλεκότας
347 2111 403 2179 καί
426 2112 548 2198 ἀλήτας
570 2116 749 2199 γεγονότας
771 2110 918 2199 σιγῶντ’
941 2112 977 2179 ἐν
1000 2121 1040 2199 τῇ
1062 2117 1161 2202 πενίμ

106 2222 127 2288 5
143 2216 259 2296 ίκέτας.
291 2215 342 2304 ἐφ’
361 2210 412 2297 οἷς
430 2220 448 2287 ό
465 2220 594 2304 Φάβιος
607 2219 801 2303 ἀγανακτῶν
814 2216 870 2285 καὶ
883 2221 943 2298 τάς
955 2223 1161 2300 ψευσθείσας

141 2325 224 2408 πρὸς
247 2323 358 2391 αὐτῶν
381 2327 559 2412 ὁμολογίας
581 2325 863 2412 ἀνακαλούμενος,
885 2327 930 2404 ὡς
952 2322 1043 2394 εἶδεν
1064 2328 1160 2413 είρω-

102 2452 129 2494 εο
142 2429 346 2516 νευομένοος
370 2436 449 2511 τοὺς
471 2436 641 2511 Αίκανοὺς
662 2430 718 2500 καλ
741 2435 789 2511 είς
810 2434 939 2518 βουλήν
961 2435 1086 2521 χρόνον
1108 2435 1159 2498 αλ-

141 2536 324 2624 τουμένους
360 2539 518 2625 ξενισμοῦ
553 2563 589 2605 τε
622 2540 721 2627 χάριν
757 2537 1007 2626 ἐπικατέχοντας
1043 2539 1159 2624 αὐτόν,

141 2641 300 2729 ὑπέμεινέ
326 2669 362 2710 τε
393 2653 612 2713 κατοπτεῦσαι
644 2646 685 2712 τὰ
717 2645 755 2712 ἐν
786 2655 826 2731 τῇ
857 2649 952 2712 πόλει
984 2645 1159 2731 πράγματα

141 2754 359 2836 βουλόμενος·
382 2747 437 2816 καλ
461 2749 594 2829 διεξιὼν
613 2751 742 2818 ἅπαντα
764 2754 868 2817 τόπον
887 2753 970 2818 κατά
988 2755 1160 2839 πρόφασιν

213 3021 227 3068 1
251 3015 338 3070 verba
360 3013 426 3069 indo
449 3013 485 3069 ab
510 3009 669 3086 ἐπέτρεψαν
692 3031 781 3084 usque
801 3016 837 3070 ad
854 3020 929 3087 τρεῖς
948 3031 1001 3070 om.
1021 3015 1067 3068 Ba
1140 3021 1157 3070 2

140 3078 279 3158 ἑλόμενοι]
304 3083 435 3156 ἔπεμψαν
460 3102 483 3144 ο.
502 3085 617 3155 Portu,
640 3085 807 3142 ἀπέστειλαν
825 3089 891 3156 post
908 3084 1097 3157 ποιησόμενος
1114 3085 1157 3141 in·

140 3158 288 3212 serendum
312 3174 371 3213 esse
396 3174 419 3212 ο.
439 3156 563 3213 Sintenis
587 3158 647 3214 Em.
669 3159 751 3213 Dion.
770 3157 846 3213 ΙΠ6
945 3164 962 3213 6
986 3155 1026 3220 είς
1048 3156 1113 3212 add.
1133 3156 1157 3210 B

141 3233 173 3282 12
197 3223 356 3292 *ἐκδότους
373 3225 463 3283 αἰτεῖν
482 3228 505 3284 Ο
529 3224 551 3284 ἐ.
570 3230 746 3302 παραλαβεῖν
765 3245 789 3284 ο.
807 3228 924 3298 ΒείεΙτε,
948 3224 970 3284 ἐ.
989 3228 1009 3283 ἄ
1027 3246 1069 3283 ειν
1094 3228 1155 3282 Sin-

138 3298 212 3353 tenis
235 3299 296 3354 Em.
315 3299 397 3355 Dion.
416 3298 492 3356 1116
515 3299 604 3356 αίτεῖν
628 3299 721 3356 delevi
816 3306 849 3354 13
873 3296 903 3356 ολ
923 3248 1029 3355 add&
1122 3304 1156 3353 14

138 3369 248 3434 πλοίνας
265 3373 288 3426 Β
309 3371 313 3444 Ι
335 3369 483 3444 ἐδ<ο>σαν
501 3372 525 3425 Β
612 3377 645 3427 17
665 3366 696 3426 έν
715 3375 753 3426 τῶ
771 3371 860 3427 πεδία
880 3371 903 3427 Ο
923 3365 955 3425 έν
973 3378 1007 3442 τῇ
1024 3371 1111 3444 πενίᾳ
1131 3387 1155 3426 c.

139 3441 342 3498 ΒίαλιυαίεΕαι.
361 3443 443 3499 Dion.
463 3443 530 3500 128
640 3451 672 3499 19
693 3426 764 3515 πρός
782 3426 868 3499 αὐτόν
889 3441 911 3498 O
930 3442 1001 3515 πρός
1019 3442 1111 3498 αὐτῶν
1131 3458 1155 3498 ο.

140 3510 263 3581 Sylburg
337 3520 371 3568 23
390 3513 484 3569 τόπων
502 3514 549 3570 Ba
982 3547 985 3555 ι
