2586 3972
189 391 248 453 τὸν
272 388 364 472 ἱερὸν
387 387 489 474 όρκον
512 388 686 471 ὤμνυσαν,
713 383 769 450 καὶ
796 385 862 450 ὐπὸ
885 386 943 462 τὰς
966 388 1107 470 σημαίας
1130 409 1208 450 κατ-

189 494 385 579 εγράφοντο.
435 491 507 559 έπελ
537 489 575 558 δὲ
606 494 645 558 τὸ
677 487 808 570 ἐλλιπὲς
839 501 906 558 τῶν
936 494 1045 578 λόχων
1072 490 1208 576 ἐξεπλη-
1278 514 1279 606 χ

190 603 297 686 ρύδη,
321 601 586 686 διεκληρώσαντο
608 599 666 675 τάς
687 597 866 683 ἡγεμονίας
887 608 955 665 τῶν
973 597 1209 685 στρατοπέδων
1278 608 1279 628 ³

190 708 226 773 οί
245 708 378 773 ὐπατοι·
401 703 457 772 καὶ
479 707 498 773 ὁ
521 701 583 790 μέν
607 705 735 788 Φάβιος
757 705 819 789 τὴν
838 703 891 771 ἐπὶ
913 714 952 792 τῇ
976 709 1118 794 βοηθείᾳ
1137 717 1210 771 τῶν

162 814 372 899 τσυμμάχων
395 811 637 878 ἀποσταλεῖσαν
661 812 806 896 δύναμιν
828 810 1096 895 παρελάμβανεν,
1126 811 1144 877 ὁ
1170 808 1211 876 δὲ
1279 880 1280 906 ἢ

193 917 374 1005 Οὐαλέριος
392 920 454 1003 την
473 917 509 983 έν
525 918 752 995 Οὐολούσκοις
771 918 1099 1002 στρατοπεδεύουσαν
1115 919 1211 1001 ἀγων

156 1029 269 1103 Ξτούς
296 1022 417 1091 νεωστὶ
440 1023 718 1112 καταγραφέντας.
764 1031 914 1109 μαθοῦσι
937 1021 975 1091 δὲ
997 1025 1059 1109 τὴν
1081 1045 1210 1110 παρου-

192 1135 269 1198 σιάν
291 1132 395 1198 αὐτοῦ
421 1141 491 1207 τοῖς
518 1134 688 1215 πολεμίοις
718 1130 826 1197 έδόκει
849 1133 1007 1219 στρατιάν
1028 1129 1065 1197 θ’
1092 1129 1211 1216 ἑτέραν

192 1235 463 1324 μεταπέμπεσθαι
476 1235 531 1302 καὶ
546 1236 582 1302 ἐν
598 1236 801 1327 ἰσχυροτέρῳ
820 1239 857 1303 τὸ
875 1240 1098 1325 στρατόπεδον
1112 1241 1211 1322 ποιη-
1280 1248 1281 1314 λ

153 1368 180 1408 ιο
194 1351 319 1411 σασύαι
346 1347 457 1434 χωρίφ
484 1341 540 1409 καὶ
567 1340 674 1428 μηδὲν
701 1343 736 1409 ἐκ
763 1353 824 1410 τοῦ
852 1357 1075 1430 καταφρονεῖν
1098 1345 1212 1410 αὐτῶν

193 1454 241 1517 ἔτι
263 1446 422 1537 προπετὲς
443 1451 650 1535 κινδύνευμα
673 1451 718 1527 ὡς
735 1454 898 1536 πρότερον
915 1449 1103 1535 ὑπομένειν.
1139 1449 1211 1534 ἐγε-

193 1561 284 1641 γόνει
310 1565 413 1623 ταῦτα
442 1558 497 1622 διὰ
524 1556 667 1643 ταχέων,
694 1555 894 1643 ἀμφοτέροις
915 1579 951 1622 τε
973 1555 1118 1643 παρέστη
1140 1569 1212 1635 τοῖς

192 1664 331 1748 ἡγεμόσι
349 1674 416 1729 τῶν
435 1663 613 1747 δυνάμεων
631 1663 729 1748 ὁμοία
747 1661 900 1749 περὶτοῦ
918 1663 1065 1749 πολέμου
1083 1666 1211 1748 γνώμη,
1281 1691 1282 1700 ’

193 1771 233 1835 τά
262 1766 390 1836 ἑαυτῶν
416 1770 597 1855 φυλάττειν
624 1769 785 1855 ἐρύματα,
808 1769 867 1835 ἐάν
889 1794 939 1847 τις
962 1769 1052 1857 ἐπίῃ,
1079 1783 1149 1848 τοίς
1173 1768 1210 1836 δὲ

155 1898 180 1938 ιτ
194 1887 262 1942 τῶν
284 1879 453 1961 πολεμίων
477 1877 522 1953 ὡς
544 1880 602 1964 βίᾳ
623 1875 930 1962 κρατηθησομένοις
954 1877 998 1961 μη
1023 1875 1208 1963 έπιχειρεῖν.

158 1980 250 2054 3καλ
273 1983 291 2049 ό
316 1984 373 2049 διὰ
396 1981 499 2068 μέσον
522 1986 642 2069 χρόνος
665 1982 726 2049 οὐκ
745 1983 858 2067 ὀλίγος
876 1981 1006 2066 ἐγένετο
1028 1986 1125 2072 φόβφ
1142 1995 1208 2049 τῶν

194 2088 429 2175 ἐπιχειρήσεων
457 2091 667 2174 τριβόμενος·
696 2089 737 2156 οὐ
764 2089 878 2174 μέντοι
905 2087 960 2155 καὶ
988 2091 1035 2166 είς
1057 2087 1151 2167 τέλος
1172 2113 1208 2172 γε
1282 2093 1283 2096 ’

196 2195 366 2280 διαμένειν
387 2194 423 2261 έν
441 2207 511 2272 τοῖς
530 2193 751 2280 ἐγνωσμένοις
769 2195 992 2281 ἐδυνήθησαν.
1030 2196 1128 2262 ὁπότε
1145 2198 1264 2280 γύριινε

195 2301 402 2386 ἐπισιτισμοῦ
425 2302 523 2388 χάριν
545 2301 566 2385 ἢ
590 2313 657 2367 τῶν
680 2303 791 2368 ἀλλων
815 2301 1010 2387 ἐπιτηδείων
1033 2306 1135 2386 τινός,
1161 2297 1209 2368 ὧν

154 2429 180 2470 εο
195 2407 395 2494 ἀμφοτέροις
422 2411 506 2492 ἔδει,
533 2410 633 2494 μοῖρά
660 2433 711 2486 τις
739 2409 937 2493 ἀποσταλείη
965 2417 1023 2493 τῆς
1046 2417 1208 2497 στρατιᾶς,

195 2517 362 2599 συμβολαί
381 2512 409 2580 τ’
437 2515 548 2581 αὐτῶν
572 2514 723 2599 ἐγίνοντο
746 2513 802 2580 καὶ
824 2519 958 2600 πληγαί,
981 2514 1036 2580 καὶ
1056 2518 1094 2581 τὸ
1112 2523 1208 2581 νικᾶν

195 2621 257 2687 οὐκ
280 2619 331 2686 ἀεὶ
354 2622 442 2706 παρά
465 2633 535 2698 τοῖς
557 2620 670 2698 αὐτοῖς
693 2624 800 2706 έμενε·
826 2623 984 2699 πολλάκις
1007 2618 1046 2687 δὲ
1069 2626 1207 2707 συμπλε-

195 2727 345 2813 κομένων
369 2726 525 2812 ἀλληλοις
543 2725 757 2812 ἀπέθνησκόν
776 2724 804 2793 τ’
827 2727 889 2793 οὐκ
907 2728 1016 2812 ὀλίγοι
1038 2726 1093 2793 καὶ
1111 2751 1206 2813 τραυ

158 2838 307 2920 4ματίαι
334 2837 470 2911 πλείους
498 2832 657 2917 έγίνοντο.
703 2845 772 2911 τοῖς
801 2830 863 2918 μέν
890 2829 953 2900 οὐν
975 2831 1144 2919 Ῥωμαίοις
1168 2833 1205 2897 τὸ

154 2959 180 3001 ετ
195 2940 472 3025 ἀπαναλούμενον
493 2949 550 3025 τῆς
573 2949 727 3026 στρατιᾶς
749 2939 888 3025 οὐδεμία
912 2938 1020 3008 ποθὲν
1040 2940 1204 3024 ἐπικουρία

268 3141 281 3188 1
302 3134 417 3203 σημείας
440 3133 494 3186 ΔΒ
517 3133 552 3188 ef.
572 3131 661 3188 Cobet
684 3132 749 3188 Obs.
769 3152 797 3204 p.
814 3138 864 3187 16⁷
975 3140 1008 3190 16
1033 3128 1065 3189 ἐν
1088 3131 1162 3204 φόβφ
1180 3145 1203 3183 ο.

194 3203 354 3274 Stephanus
428 3211 461 3259 19
480 3201 498 3272 ἢ
517 3221 571 3259 om.
586 3205 633 3258 Ba
652 3203 715 3258 add.
733 3204 780 3258 Bb
800 3221 885 3274 supra
903 3203 952 3261 lin.
1025 3211 1060 3260 20
1079 3198 1202 3259 έδόκειΟ

195 3273 254 3330 ἔδει
276 3274 380 3330 Reiske
470 3281 503 3329 21
524 3275 672 3349 συμβολαὶ]
697 3276 855 3346 συμπλοκαὶ
877 3293 900 3330 0.
921 3275 1093 3345 Grasberger
1114 3271 1203 3327 Philo-

194 3345 276 3415 logus
296 3352 331 3400 28
355 3348 448 3416 (1869)
470 3365 497 3417 p.
516 3353 567 3402 552
677 3353 711 3402 25
736 3346 960 3418 ἀπαναλωμένον
984 3365 1007 3404 ο,
1032 3347 1119 3402 Cobet
1141 3343 1201 3398 obs.

193 3422 294 3540 §.1⁷2
334 3420 338 3484 Ι
377 3417 443 3473 οὐδὲ
467 3419 517 3488 μία
545 3417 638 3474 ποδλν
663 3412 781 3473 έπιούσα
805 3418 828 3474 0
852 3436 903 3488 pro
926 3418 1020 3474 ποθὲν
1046 3435 1068 3473 ο.
1093 3417 1201 3472 οἴκοθεν

221 3486 346 3556 iessh'ng‚
366 3491 431 3557 post
445 3483 564 3545 ἐπιοῦσα
579 3490 647 3545 add.¹
659 3485 807 3561 ἐπικουρία
826 3489 952 3545 Βίολειιὶε
966 3490 1029 3546 Em.
1044 3489 1122 3545 Dion.
1135 3485 1147 3539 Ι
1159 3489 1200 3551 22,
