2586 3972
546 198 712 251 -Θ-
1071 201 1137 268 305

118 363 181 442 λῆς
210 357 247 424 ἐν
266 359 321 449 ’τῷ
353 363 448 454 δημςο
476 363 693 447 κατηγορίαν,
723 361 768 438 ὡς
794 358 984 447 ἀχθομένης
1010 364 1064 431 ἐπὶ
1090 375 1136 456 τῷ

119 467 283 532 λελύσθαι
305 469 366 534 τὸν
387 469 472 553 πρὸς
492 469 572 544 τοὺς
598 470 793 554 Τυρρηνούς
815 470 970 554 πόλεμον.
1012 471 1075 556 ἐφη
1100 467 1137 536 δέ

117 570 209 638 τοῦτ’
239 571 362 651 αὐτοὺς
391 571 425 652 ἐξ
452 573 630 659 ἐπιβουλῆς
655 572 710 639 καὶ
737 573 921 661 ὑπεροψίας
947 586 1015 642 τῶν
1037 579 1138 661 πενή-

118 702 189 744 των
210 690 336 764 ποιείν,
363 681 420 746 ἵνα
443 682 487 765 μη
510 690 578 746 τῶν
600 679 790 768 ὑπερορίων
813 679 1057 767 ἀπαλλαγέντες
1078 705 1137 751 πο·

120 785 233 873 λε’μων
261 786 423 853 ἀπαιτῶσι
449 788 509 865 τὰς
534 785 610 871 περὶ
633 795 691 871 τῆς
711 792 912 875 κληρουχίας
933 789 1137 878 ὑποσχέσεις,
1165 813 1178 856 ε

119 896 307 961 πολλοστὸν
330 896 403 972 ἔτος
424 895 489 978 ἤδη
509 896 761 980 φενακιζόμενοι
779 899 861 982 πρὸς
880 897 999 964 αὐτῶν.
1035 896 1174 964 ταῦταὸ

118 998 178 1066 καί
196 1001 303 1067 πολλὰ
320 1002 451 1080 τούτοις
469 1000 567 1086 ὅμοια
580 1000 726 1084 <είπὼν>
740 1000 796 1066 καὶ
815 999 858 1068 δι’
877 1004 978 1092 ὀργῆς
993 1003 1137 1091 ἀκράτου

118 1118 190 1172 τῶν
217 1111 398 1194 πατρικίων
426 1108 540 1192 ὀνείδη
566 1107 827 1193 κατασκεδάσας,
853 1111 915 1194 τήν
937 1134 972 1176 τε
995 1128 1138 1198 συστρα-

118 1212 329 1299 τευσαμένην
356 1213 445 1303 αύτςδ
474 1215 619 1299 δύναμιν
646 1212 789 1281 ἀπέλυσε
817 1225 884 1281 τῶν
912 1219 1058 1300 σημείων
1082 1216 1138 1284 καὶ

118 1321 184 1404 τὴν
215 1321 296 1404 μετὰ
327 1325 478 1409 Φουρίου
510 1330 572 1389 τού
603 1321 801 1388 ἀνθυπάτου
831 1324 1070 1409 διατρίβουσαν
1100 1322 1137 1389 ἐν
1152 1351 1178 1388 ιο

119 1428 284 1505 Αἰκανοῖς
310 1429 604 1515 μεταπεμψάμενος
626 1427 755 1514 ἀφῆκεν
778 1425 832 1494 ἐπὶ
854 1429 894 1494 τὰ
917 1426 1073 1516 σφέτερα·
1105 1429 1138 1508 ἐξ

120 1527 173 1600 ὧν
201 1537 330 1620 πολλὴν
358 1535 460 1602 πάλιν
488 1534 644 1620 ἐποίησεν
675 1533 829 1613 ἐξουσίαν
858 1546 928 1614 τοῖς
958 1535 1140 1622 δημάρχοις

39 1653 319 1728 Ιτνεκατηγορεῐν
341 1653 409 1708 τῶν
431 1645 624 1727 βουλευτῶν
648 1639 685 1707 ἐν
708 1652 779 1719 ταῖς
797 1640 984 1728 ἐκκλησίαις
1001 1641 1057 1709 καί
1076 1644 1139 1709 διι·

119 1749 240 1814 στάναι
262 1751 341 1826 τοὺς
362 1745 504 1834 πένητας
526 1747 590 1816 ἀπὸ
613 1759 681 1814 τῶν
704 1748 865 1836 εὐπόρων.

190 1853 311 1922 XVHL
334 1856 431 1927 Μετά
449 1851 488 1920 δὲ
505 1856 644 1933 τούτους
660 1856 959 1943 παραλαμβάνουσι
976 1858 1039 1940 τὴν
1056 1855 1140 1921 ὑπα-
1155 1877 1180 1918 15

119 1966 216 2028 τείαν
239 1962 339 2040 Γάιος
357 1959 512 2048 Ὁράτιος
534 1961 589 2028 καί
617 1966 714 2040 Τίτος
735 1964 908 2046 Μενήνιος
930 1959 984 2028 ἐπὶ
1005 1970 1064 2047 της
1087 1959 1140 2046 ἑβ-

121 2071 331 2154 δομηκοστῆς
357 2066 413 2135 καὶ
440 2069 536 2154 ἕκτης
562 2069 783 2155 ὀλυμπιάδος,
810 2069 853 2152 ἣν
880 2068 973 2135 ἐνίκα
1002 2068 1140 2136 στάδιον

122 2175 346 2263 Σκάμανδρος
359 2180 591 2261 Μιτυληναῖος
607 2178 766 2264 άρχοντος
777 2173 940 2260 Ἀθήνησι
955 2176 1139 2253 Φαίδωνος.

121 2283 254 2361 τούτοις
276 2280 346 2349 κατ’
373 2283 475 2370 ἀρχάς
497 2280 559 2368 μὲν
582 2283 600 2351 ὁ
624 2284 791 2360 πολιτικὸς
813 2285 963 2369 θόρυβος
986 2281 1141 2368 ἐμποδὼν

123 2387 255 2475 ἐγένετο
277 2390 433 2476 πράττειν
455 2390 496 2456 τὰ
518 2390 615 2457 κοινά
635 2385 861 2476 ἠρεθισμένου
879 2396 940 2454 τοῦ
959 2390 1067 2474 δήμου
1085 2388 1141 2455 καὶ
1156 2410 1182 2450 νο

124 2491 227 2562 οὐδὲν
251 2495 371 2574 ἐῶντος
394 2495 509 2586 ἕτερον
532 2496 754 2563 ἐπιτελεῖσθαι
776 2506 844 2561 τῶν
861 2506 997 2580 κοινῶν,
1019 2496 1081 2574 ἕως
1099 2495 1141 2562 ἀν

123 2605 298 2688 μερίσηται
325 2603 387 2688 τὴν
413 2606 579 2690 δημοσίαν
606 2611 686 2686 γῆν,
712 2604 822 2692 χρόνῳ
851 2598 881 2667 δ’
908 2601 1049 2688 ὕστερον
1077 2597 1140 2680 εἶξε

123 2710 165 2775 τὰ
191 2719 438 2796 παρακινοῦντα
464 2708 521 2776 καὶ
548 2710 772 2795 ταραττόμενα
799 2716 838 2794 τῇ
862 2707 989 2795 ἀνάγκη
1012 2726 1141 2794 συγχω-

124 2817 273 2902 ρήσαντα
294 2815 350 2882 καί
373 2814 427 2884 ἐπὶ
448 2817 507 2894 τὰς
530 2818 700 2903 στρατείας
723 2811 859 2882 ἑκούσια
877 2809 972 2900 ἦλθε.
1013 2818 1177 2902 Τυρρη-2

123 2932 196 2988 νῶν
219 2923 283 3010 γὰρ
305 2924 343 2989 αλ
361 2925 405 3009 μη
424 2929 647 3009 μετασχοῦσαι
663 2929 723 3007 τῆς
740 2923 875 3010 είρηνης
893 2920 1011 2987 ἕνδεκα
1029 2925 1142 3000 πόλεις
1156 2940 1182 2982 τε

200 3119 214 3168 1
239 3108 270 3169 ἐν
289 3113 474 3185 οσαΑΙῶς
492 3114 599 3170 add.B
676 3123 692 3170 3
737 3113 880 3240 τοῦτ’ἶΒ
959 3112 1142 3169 διτοστδνο.

124 3184 229 3242 Βοίιλτο
321 3193 336 3242 7
360 3185 439 3242 *καὶ
461 3188 528 3256 post
550 3185 634 3257 δμοια
658 3185 712 3242 del.
760 3185 877 3256 ὀνείας
901 3185 971 3240 duee
991 3183 1142 3254 Sylburgdo

125 3258 257 3328 ουνείρας
280 3256 442 3313 addendum
464 3273 526 3312 οεεε
545 3273 568 3313 ο.
587 3256 692 3312 Reiske
715 3259 750 3312 cf.
771 3256 894 3313 Sintenis
917 3255 977 3310 Em.
996 3253 1079 3310 Dion.
1103 3254 1143 3310 111

127 3334 174 3397 10,
199 3327 287 3384 εἰπὼν
314 3327 420 3384 inserui
515 3334 549 3383 10
577 3330 715 3398 φρουρίου
738 3325 792 3381 ΑΒ
820 3330 850 3382 ολ
877 3325 918 3382 sic
945 3342 1029 3396 saepe
1058 3329 1063 3396 Ι
1092 3333 1143 3382 τού

125 3416 181 3456 om.
199 3400 226 3456 A
309 3407 340 3454 12
365 3393 516 3468 ἐποιήσατο
535 3398 585 3454 AO
673 3404 706 3453 18
725 3400 835 3454 διιστᾶν
853 3397 880 3452 A
959 3404 995 3452 24
1013 3397 1144 3467 στρατιὰς

125 3471 180 3524 ΑΒ
199 3487 270 3527 corr.
289 3467 411 3542 Sylburg

180 3571 281 3612 mom.
296 3570 361 3611 Ηιυ.
376 3571 421 3612 m.
444 3581 483 3612 ιο.
497 3571 601 3614 Jmonr.
949 3562 983 3610 20
