2660 3976
184 242 246 305 140
602 243 771 292 -H-

145 404 360 488 3όναλαβεϊν
384 402 485 481 αὑτὰς
504 403 673 468 δύνασθαι
689 405 768 480 τοὺς
786 401 1023 487 ἀποβαλόντας.
1057 403 1207 487 μάλιστα
1318 387 1319 390 ¹

181 507 219 576 δὲ
241 507 331 577 τοῦτ’
353 511 496 597 ἔπασχον
519 509 557 574 αί
576 520 644 575 τῶν
667 511 822 595 δημοτῶν
844 510 990 592 κτήσεις,
1013 509 1051 573 αί
1070 504 1108 573 δὲ
1130 520 1207 574 τῶν

180 620 363 703 πατρικίων
385 620 520 701 ἔμειναν
543 615 681 694 ἀσινεῖς·
705 619 737 682 εί
758 613 799 682 δέ
818 639 906 693 τινες
929 614 1129 700 ἐβλάβησαν,
1152 618 1209 693 είς

181 724 377 810 ἀνδράποδα
394 721 449 788 καὶ
468 725 659 808 βοσκήματα
678 721 798 800 ἔδοξαν
816 725 990 807 βλαβῆναι.
1021 731 1120 788 τοῦτο
1134 723 1206 806 γδιρ

154 830 246 898 τὺπὸ
270 839 330 896 τοῦ
347 832 505 914 Μαρκίου
528 827 773 915 παρηγγέλλετο
795 841 865 906 τοῖς
884 828 1122 912 Οὐολούσκοις,
1144 830 1209 894 ἵνα
1319 831 1320 866 ³

183 935 228 1002 δι’
249 937 395 1015 ὑποψίας
417 937 465 1000 ἔτι
488 939 615 1020 μᾶλλον
638 937 674 1002 οί
693 938 859 1021 πατρίκιοι
882 932 1035 1018 γένοιντο
1053 947 1123 1012 τοῖς
1142 935 1279 1019 δη-Ιῑαε

183 1054 330 1127 μοτικοίς
359 1039 415 1107 καὶ
442 1043 486 1126 μή
515 1040 701 1128 ἐξαιρεθείη
727 1043 766 1107 τὸ
794 1042 968 1120 στασιάζον
992 1040 1028 1107 ἐκ
1057 1051 1116 1126 τής
1141 1045 1210 1108 πό-

147 1154 278 1232 4λεως,
296 1149 376 1234 όπερ
395 1146 451 1214 καί
469 1148 603 1234 συνέβη.
635 1150 681 1226 ὡς
698 1150 761 1232 γὰρ
780 1145 929 1233 ἠγγέλθη
948 1159 1018 1225 τοῖς
1030 1145 1210 1232 Ῥωμαίοις

182 1255 203 1340 ἠ
227 1258 418 1342 καταδρομὴ
441 1265 499 1340 τής
521 1257 642 1342 χώρας,
663 1253 719 1321 καί
742 1258 894 1339 ἔγνωσαν
916 1255 978 1321 οὐκ
1002 1253 1035 1332 ἐξ
1055 1261 1130 1320 ἴσον
1149 1279 1210 1339 γε·

143 1389 170 1429 ιο
184 1374 325 1446 γονυϊαν
344 1364 447 1428 ἅπασι
464 1362 525 1445 τήν
545 1362 733 1447 συμφοράν,
751 1365 920 1446 κατεβόων
939 1358 1000 1446 μὲν
1018 1373 1087 1427 τῶν
1100 1367 1210 1427 πλου-

184 1472 267 1535 σίων
298 1471 333 1534 οί
359 1468 495 1554 πένητες
525 1469 570 1546 ὡς
600 1467 791 1552 ἐπαγόντων
821 1472 918 1553 σφίσι
947 1470 1008 1534 τὸν
1033 1469 1211 1554 Μάρκιον,

184 1575 410 1660 ἀπελογοῦντο
439 1573 468 1640 δ’
498 1576 534 1641 οί
552 1578 719 1657 πατρίκιοι
741 1572 796 1639 καί
819 1577 1023 1660 κακουργίαν
1045 1575 1121 1640 τινα
1143 1579 1211 1640 τοῦ

185 1691 372 1768 στρατηγοῦ
398 1682 522 1764 ταύτην
545 1679 740 1766 ἀπέφαινον.
786 1684 928 1765 βοηθεῖν
950 1677 988 1746 δέ
1010 1693 1081 1758 τοῖς
1104 1680 1210 1747 ἀπολ·

185 1787 341 1872 λυμένοις
358 1787 379 1872 ἠ
398 1790 515 1866 σώζειν
533 1789 573 1852 τὰ
590 1779 748 1873 περιόντα
766 1785 809 1852 δι’
829 1788 977 1866 ὑποψίαν
995 1785 1026 1853 τ’
1048 1786 1210 1872 ἀλλήλων

144 1921 171 1962 τε
184 1891 240 1959 καί
268 1891 343 1971 δέος
369 1895 551 1980 προδοσίας
578 1891 694 1971 οὐθείς
719 1893 828 1978 ἠξίου·
861 1895 945 1959 ὥστε
971 1895 1053 1960 κατὰ
1075 1895 1211 1978 πολλὴν

185 2002 302 2066 ἄδειαν
325 2000 517 2086 δΜοίρκιος
540 1999 645 2084 όπήγε
668 2001 729 2084 τήν
753 2002 911 2087 στρατιὰν
933 1997 989 2066 καὶ
1005 1998 1209 2084 κατέστησεν

186 2109 332 2184 ἅπαντας
364 2105 418 2173 ἐπὶ
449 2108 490 2172 τδ
522 2108 626 2172 οἰκεία
657 2110 828 2183 παθόντας
857 2103 920 2191 μέν
948 2103 1049 2173 οὐδὲν
1079 2109 1208 2193 δεινόν,

74 2281 76 2286 ,
189 2214 375 2299 δράσαντας
402 2210 433 2278 δ’
463 2212 525 2278 ὅσα
552 2211 685 2295 ἠξίουν,
714 2210 770 2278 καί
796 2217 930 2278 πολλῶν
957 2212 1210 2298 εὐπορήσαντας
1322 2239 1323 2294 ἦ

151 2320 372 2406 5ηρημοίτων.
417 2315 475 2403 ἠκε
506 2314 543 2383 δὲ
570 2317 625 2383 καὶ
654 2319 672 2386 ὑ
704 2321 830 2396 Τύλλος
857 2318 972 2401 ὀλίγον
999 2318 1142 2405 ὕστερον
1170 2320 1209 2386 ἐκ

147 2453 173 2491 ω
186 2434 244 2509 τής
263 2428 419 2491 Λατίνων
436 2426 545 2512 χώρας
563 2426 688 2502 πολλδις
706 2424 910 2509 ἐπαγόμενος
929 2425 1101 2510 ὠφελείας·
1126 2423 1208 2492 οὐδὲ

187 2533 250 2618 γδρ
278 2530 345 2596 ἐκεῖ
369 2531 514 2616 δύναμιν
540 2534 639 2617 ἔσχον
665 2530 764 2616 ὑμόσε
785 2525 913 2616 Ιηωρεῐν
939 2542 1009 2608 τοϊς
1035 2535 1209 2618 πολεμίοις

188 2641 439 2725 [μαχησόμενοι]
469 2636 697 2724 ἀπαράσκευοί
721 2634 749 2702 τ’
779 2640 872 2713 ὄντες
898 2635 954 2702 καί
980 2636 1059 2724 παρ’
1088 2638 1208 2706 ἐλπίδα

187 2755 247 2812 τοῦ
281 2747 396 2811 δεινοῦ
429 2747 545 2830 σφίσιν
573 2743 792 2821 ἐπιπεσόντος.
839 2741 875 2809 ἐκ
903 2740 942 2808 δέ
969 2746 1089 2811 τούτου
1117 2755 1208 2812 πᾶσα

187 2857 284 2930 πόλις
314 2851 433 2936 ε’πήρτο
463 2862 535 2928 ταῖς
564 2849 689 2935 ἐλπίσι,
720 2848 776 2915 καὶ
804 2856 930 2916 θᾶττον
960 2851 981 2935 ἠ
1011 2852 1056 2929 ὡς
1084 2853 1128 2919 ἄν
1159 2870 1285 2932 τιςιῦῦο

148 2985 174 3026 ω
187 2958 354 3044 ὑπέλαβεν
372 2958 393 3042 ή
412 2981 447 3023 τε
465 2958 659 3043 καταγραφή
678 2968 745 3022 τῶν
764 2968 974 3042 στρατιωτῶν
991 2956 1131 3042 ἐγίνετο,
1154 2959 1209 3026 καὶ

188 3061 292 3132 τᾶλλα
314 3065 524 3150 ὑπηρετεῖτο,
547 3064 636 3129 ὅσων
660 3075 730 3141 τοῖς
752 3073 948 3150 στρατηγοῖς
970 3065 1046 3130 ἔδει.

262 3230 275 3276 1
297 3221 396 3293 αὑτὰς]
416 3221 488 3276 αὑτὰ
508 3219 630 3290 Sylburg
693 3218 916 3290 ῦπαρηγγέλετο
934 3220 1013 3276 ABG
1033 3221 1209 3292 παρήγγελτο

189 3296 214 3348 R
286 3298 302 3347 6
320 3292 486 3362 *γένωνται
505 3295 535 3346 οὑ
558 3298 573 3346 7
597 3287 758 3360 ἐξαιρεθείη
779 3290 801 3345 O
821 3289 947 3361 γένοιντο
972 3309 1038 3362 egO,
1068 3287 1208 3365 ἐξαιρεθῇ

187 3363 333 3434 Kiessling
407 3371 439 3419 19
459 3363 584 3436 ὀλίγῳΑ
656 3369 691 3418 20
709 3362 812 3425 πολλδις
831 3379 885 3418 om.
904 3363 951 3416 Ba
970 3363 1035 3419 add.
1054 3363 1102 3417 Bb
1123 3382 1209 3435 supra

188 3436 238 3495 lin.
310 3441 343 3489 21
369 3430 469 3490 ἐκεῐΟ
489 3430 594 3489 ἐκεῖνοι
611 3432 754 3503 Kiessling
825 3439 859 3487 22
879 3434 1069 3505 μαχησόμενοι
1088 3451 1144 3492 om.
1162 3437 1210 3492 Ba

189 3507 255 3564 add.
273 3506 321 3559 Bb
341 3522 426 3574 supra
444 3505 493 3560 lin.
513 3505 568 3560 del.
587 3505 677 3559 Cobet
697 3503 762 3561 Obs.
782 3523 808 3574 p.
830 3509 880 3559 157
