2656 3974
578 231 745 284 ..Θ-

20 411 53 472 ζτ
151 417 202 470 τις
220 392 284 458 ἀπὸ
304 403 361 477 της
377 394 535 458 Αἰκανῶν
555 401 708 478 στρατιᾶς
725 394 941 478 παρελθοῦσα
959 388 1037 456 καθ’
1056 389 1169 479 ἑτέρας

153 501 255 577 ὁδοὺς
276 498 512 584 [ἀφυλάκτους]
538 496 695 583 ἐνέβαλεν
717 499 765 575 εἰς
787 500 848 582 τὴν
863 495 1031 582 Ῥωμαίων
1049 507 1124 584 γῆν,
1147 498 1168 582 ἣ

20 632 23 687 '.
152 611 309 671 πλεῖστον
336 605 527 690 ἀφειστήκει
553 614 612 690 τῆς
640 605 767 691 ὁμόρου
794 601 848 669 καλ
877 604 933 668 διὰ
962 599 1051 670 τοῦτ’
1083 604 1168 690 ἀφύ-

20 695 51 796 χι.
153 717 271 788 λακτος
300 706 356 795 ἦν·
387 709 421 790 έξ
451 705 490 794 ἧς
517 710 718 798 ἀνθρώπους
744 733 779 780 τε
805 712 950 786 πολλοὺς
978 712 1169 797 συνήρπασε

20 847 46 902 52:
152 816 208 884 καὶ
230 819 395 904 χρηματα,
421 818 573 884 λαθοῦσά
596 840 630 882 τε
653 819 731 895 τοὺς
755 819 818 885 σὺν
841 825 886 904 τῷ
909 820 1056 906 Κοιντίῳ
1078 838 1169 904 περι·
1196 841 1210 881 τ

35 945 48 1006 g.
152 927 277 1001 πόλους
294 933 355 1009 τῆς
370 923 529 1011 σφετέρας
547 933 609 1008 γῆς
626 923 779 1008 ἀπῆλθεν
798 922 851 990 ἐπὶ
865 925 905 990 τά
920 926 1032 990 οἰκεῖα.
1069 932 1168 991 τοῦτο

153 1039 299 1115 συνεχῶς
328 1029 455 1113 έγίνετο
484 1027 539 1096 καλ
568 1032 696 1115 πολλὴν
726 1042 882 1117 παρεῖχεν
909 1031 1072 1117 αἰσχύνην
1098 1041 1169 1106 τοῖς

28 1152 44 1220 22-
152 1136 298 1214 ὑπάτοις.
335 1139 444 1203 ἔπειτα
467 1137 587 1221 μαθὼν
610 1136 667 1202 διά
689 1139 906 1202 κατασκόπων
924 1160 958 1202 τε
976 1135 1032 1202 καλ
1051 1138 1202 1222 αἰχμα-5

20 1292 43 1330 ι
153 1244 268 1309 λώτων
298 1243 316 1310 ό
348 1243 475 1328 Φάβιος
504 1240 746 1325 ἐξεληλυθυῖαν
776 1239 812 1305 ἐκ
841 1249 901 1307 τοῦ
930 1241 1073 1328 χάρακος
1100 1254 1168 1308 τῶν

20 1333 38 1432 β
151 1352 310 1416 Αἰκανῶν
342 1351 404 1434 τὴν
435 1353 613 1436 κρατίστην
646 1349 807 1432 δύναμιν,
840 1346 877 1412 έν
905 1356 945 1432 τῇ
975 1351 1166 1433 παρεμβολῇ
1182 1375 1209 1413 10

20 1491 40 1546 χ,
152 1457 340 1522 καταλιπὼν
374 1458 451 1532 τοὺς
482 1453 729 1541 πρεσβυτάτους
761 1453 859 1530 αὐτὸς
889 1446 1007 1538 ἐξῆλθε
1036 1455 1167 1540 νύκτωρ

20 1617 30 1654 χ.
154 1562 279 1630 ίππέων
303 1561 505 1647 έπαγόμενος
526 1559 665 1626 καὶτοῦ
686 1563 786 1638 πεζοῦ
808 1561 846 1624 τὸ
870 1559 1098 1644 ἀκμαιότατον.
1136 1561 1171 1626 οἰ

152 1665 213 1754 μὲν
237 1664 299 1736 οὖν
320 1667 462 1735 Αἰκανοί
486 1670 700 1755 διηρπακότες
722 1667 763 1732 τά
785 1668 901 1753 χωρία,
924 1658 974 1744 οἷς
996 1665 1168 1752 ἐνέβαλον,

20 1825 43 1868 <a
77 1772 301 1859 Ιοοεάπῄεσαν
325 1774 522 1858 ἐπαγόμενοι
544 1775 670 1852 πολλάς
693 1774 862 1858 ἀφελείας,
886 1774 904 1840 ὁ
924 1769 962 1838 δέ
981 1773 1108 1858 Φάβιος
1127 1773 1167 1838 ού

152 1881 239 1943 πολὺ
261 1886 488 1965 προελθοῦσιν
510 1880 623 1956 αὐτοῖς
644 1875 923 1965 έπιφαίνεταίκαί
941 1881 1003 1962 τήν
1020 1903 1056 1944 τε
1074 1883 1168 1945 λείαν
1183 1903 1209 1944 1⁵

24 1992 44 2076 Ι,Ξ
154 1983 341 2070 ἀφαιρεῖται
368 1984 423 2052 καί
451 1986 538 2072 μάχη
565 1989 644 2063 τοὺς
665 1988 909 2071 ὑπομείναντας
930 1993 1009 2072 νικᾷ
1031 1985 1166 2070 γενομέ-

153 2114 234 2167 νους
257 2091 382 2178 ἀνδρας
404 2091 566 2175 ἀγαθούς·
591 2091 626 2158 οἰ
647 2089 684 2157 δὲ
703 2090 813 2158 λοιποί
832 2092 998 2177 σποράδες
1016 2091 1167 2180 ἐμπειρίᾳ

25 2174 43 2292 ’,ε
153 2197 242 2264 ὁδῶν
266 2201 427 2276 λαθόντες
448 2201 527 2276 τοὺς
549 2199 731 2276 διώκοντας
752 2196 941 2283 κατέφυγον
964 2199 1011 2275 εἰς
1033 2199 1092 2264 τὸν
1110 2199 1167 2284 χά-

154 2327 246 2390 ρακα.
297 2301 367 2370 έπεί
397 2301 435 2369 δὲ
464 2305 565 2390 ταύτη
595 2303 870 2391 ἀνεκρούσθησαν
897 2305 933 2370 οί
957 2303 1099 2371 Αἰκανοί
1127 2313 1202 2392 τῦδ

153 2419 310 2497 συμφορᾷ
339 2411 427 2497 παρὰ
457 2409 558 2488 δόξαν
589 2414 683 2496 σφίσι
712 2415 890 2496 γενομένη,
920 2412 1079 2489 λύσαντες
1105 2413 1166 2495 την
1181 2436 1208 2476 εο

151 2515 365 2602 παρεμβολὴν
392 2515 458 2583 ὑπὸ
485 2516 589 2583 νύκτα
616 2515 743 2605 ᾤχοντο
770 2514 825 2582 καὶ
852 2515 962 2582 οὐκέτι
987 2520 1025 2584 τὸ
1049 2520 1167 2584 λοιπὸν

153 2620 289 2708 ἐξῄεσαν
317 2620 354 2687 έκ
377 2632 435 2707 τῆς
461 2625 601 2700 πόλεως·
633 2618 705 2688 ἀλλ’
733 2624 903 2708 ἠνείχοντο
932 2626 1026 2689 σῖτόν
1052 2646 1103 2708 τε,
1131 2623 1167 2701 ὃς

152 2725 189 2792 έν
218 2728 303 2813 ἀκμῇ
331 2731 404 2794 τότε
431 2724 490 2812 ἦν,
518 2732 800 2814 συγκομιζόμενον
821 2729 887 2794 ὑπὸ
910 2739 977 2794 τῶν
999 2732 1166 2814 πολεμίων

153 2831 208 2898 καί
232 2831 350 2918 ἀγέλας
372 2835 591 2920 βοσκημάτων
614 2832 881 2920 ἀπελαυνομένας
905 2835 1062 2921 ὁρῶντες,
1087 2839 1166 2922 χρή-

153 2939 238 3023 ματά
266 2964 301 3006 τε
329 2942 431 3027 διαρπ
471 2945 572 3026 όμενα
599 2938 654 3008 καί
682 2940 784 3018 αύλάς
806 2938 887 3027 πυρὶ
912 2938 1088 3025 διδομένας
1110 2939 1165 3006 καὶ
1180 2964 1207 3006 τε

153 3047 381 3130 αἰχμαλώτους
397 3067 422 3111 π
442 3121 447 3132 ,
483 3050 542 3124 οὺς
559 3044 752 3131 ἀγομένους.
785 3056 883 3114 τοῦτο
903 3046 1167 3133 διαπραξάμενος

225 3209 239 3256 1
263 3221 305 3264 τις
324 3246 330 3258 ,
347 3246 352 3258 .
372 3203 429 3257 ἀπὸ
450 3203 473 3256 Β
563 3210 579 3258 2
603 3203 790 3272 *ἀφύλακτος
812 3202 896 3266 ὁδούς
918 3203 965 3257 Ba
987 3203 1167 3272 ἀφυλάκτους

153 3269 237 3335 όδοῦς
253 3273 301 3327 Bb
325 3273 409 3336 ὁδούς
426 3274 606 3343 ἀφυλάκτους
624 3273 649 3328 Β
672 3273 851 3344 ἀφυλάκτους
868 3291 979 3344 vocem,
1001 3291 1074 3344 quae
1091 3275 1166 3332 male

151 3343 273 3412 repetita
292 3346 366 3399 esset
384 3361 400 3399 θ
418 3362 500 3400 versu
519 3353 549 3414 4,
573 3345 665 3401 delevi
737 3353 770 3401 10
794 3348 944 3416 κρατίστην
963 3347 1059 3402 om.B
1132 3353 1163 3401 ll

151 3413 238 3469 verba
260 3415 326 3468 inde
351 3416 387 3469 ab
410 3417 493 3478 αότδς
516 3432 605 3485 usque
628 3417 665 3471 ad
688 3418 737 3472 καλ
760 3434 813 3472 om.
833 3417 880 3471 Βα
904 3416 969 3471 εδδ.
988 3416 1036 3471 Bb
1132 3423 1166 3473 15

151 3479 376 3560 <έπιφαίνεται>
395 3487 441 3543 Bb
462 3483 626 3558 ἰπιφέρεται
644 3487 745 3544 Garrer
764 3489 828 3545 obs.
848 3507 876 3560 p.
891 3493 925 3544 60

204 3584 304 3627 Βτοκκε.
320 3587 385 3627 Hm.
400 3587 444 3627 ΙΠ.
468 3597 508 3629 ιο.
521 3588 625 3631 ῦεοοεκ.
971 3581 1005 3632 25

1277 3337 1308 3366 ς
