2656 3974
182 264 249 329 344
605 263 773 316 -Θ-

183 437 279 512 σφῶν
302 427 363 511 την
387 425 595 512 ἐλευθερίαν,
618 423 689 491 ἀλλ’
709 421 761 491 ἐπὶ
781 424 843 509 τὴν
862 424 990 509 βουλὴν
1008 426 1045 490 τὸ
1059 427 1201 510 Ιπράγμα

182 535 278 618 άγειν
298 531 353 599 καὶ
371 543 437 598 τῶν
456 533 592 598 ὑπάτων
610 528 881 618 κατηγορεῖνκαὶ
899 532 994 615 δίκης
1011 531 1102 608 τινὸς
1119 527 1198 616 παρ’

184 641 295 706 αὐτῶν
322 638 439 724 ἠξίουν
466 650 594 724 τυχεῖν,
622 638 673 704 ὅτι
695 640 754 704 τὸν
778 637 1057 722 ἐπικαλεσάμενον
1079 638 1142 722 τὴν
1164 635 1204 702 ἐκ

183 758 251 813 τῶν
274 746 453 832 δημάρχων
475 747 655 830 βοήθειαν,
681 743 737 810 καλ
761 743 798 810 ἐν
821 753 866 832 τῷ
891 745 985 834 δημρι
1007 747 1118 829 κρίσιν
1139 742 1204 809 ὑπ-

156 851 287 938 ιέχειν,
309 859 344 918 εῖ
362 876 394 918 τι
409 856 616 938 πλημμελεῖ,
639 853 865 937 βουλόμενον,
888 848 1067 937 οὐδετέρου
1090 861 1203 936 τυχεῖν

185 965 301 1025 είασαν
327 968 395 1025 τῶν
424 959 579 1044 δικαίων,
607 956 678 1024 ἀλλ’
707 956 745 1024 ἐν
772 957 988 1043 ἀνδραπόδου
1015 959 1116 1044 μοίρᾳ
1142 957 1203 1022 τὸν

185 1065 366 1151 ἐλεύθερον
394 1062 450 1130 καὶ
477 1068 620 1148 πολίτην
649 1067 768 1132 ἐθεντο
791 1067 903 1130 παίειν
926 1061 1205 1148 ἐπικελευόμενοι.

150 1169 469 1256 6άντιτεταγμένων
497 1173 539 1256 δὴ
567 1172 695 1237 τούτων
722 1168 779 1236 καλ
809 1168 994 1258 οὐδετέρων
1017 1166 1101 1249 εἶξαι
1123 1174 1205 1255 βου-

185 1275 336 1362 λομένων
354 1289 424 1355 τοῖς
444 1274 579 1364 έτέροις,
598 1279 682 1355 άπας
701 1277 719 1345 ό
738 1279 854 1356 λοιπὸς
872 1286 929 1361 τῆς
946 1277 1103 1354 ὑπατείας
1121 1275 1205 1342 ἐκεί·
1325 1337 1326 1344 ,

144 1407 171 1448 ιο
184 1409 246 1468 νης
264 1382 460 1467 ἐδαπανήθη
479 1385 610 1470 χρόνος,
629 1384 706 1449 οὔτε
724 1389 918 1468 πολεμικαῖς
930 1382 1067 1471 πράξεσι
1081 1398 1206 1468 κοσμη-

184 1489 259 1568 θεὶς
281 1494 397 1568 καλαῖς
420 1491 497 1556 οὔτε
519 1494 703 1568 πολιτικαῖς
726 1494 828 1574 λόγου
853 1489 967 1568 ἀξίαις.

252 1596 385 1662 ΧΧΧΧ.
419 1594 642 1663 Ἐπιστάντων
671 1593 710 1662 δέ
738 1607 807 1662 τῶν
836 1595 1057 1683 ἀρχαιρεσίων
1084 1595 1206 1661 ὕπατοι

186 1699 248 1788 μὲν
267 1701 514 1789 ἀπεδείχθησαν
528 1702 670 1780 Λεύκιος
688 1703 854 1790 Πινάριος
870 1699 926 1768 καὶ
945 1707 1095 1780 Πόπλιος
1114 1703 1206 1768 Φού-

186 1834 267 1896 ριος.
318 1808 355 1875 ἐν
382 1809 466 1895 ἀρχῇ
496 1805 533 1874 δέ
560 1819 621 1876 τοῦ
651 1811 745 1888 έτους
774 1809 879 1886 εὐθὺς
909 1809 1034 1887 ὀττείας
1062 1811 1153 1887 τινὸς
1183 1809 1283 1894 ηιεστ

146 1937 172 1978 ¹⁵
185 1919 281 1994 πόλις
308 1916 487 2002 ἐπληρώθη
511 1913 567 1981 καὶ
589 1918 900 2001 φόβουδαιμονίου
924 1916 1070 2004 τεράτων
1092 1939 1127 1981 τε
1149 1913 1207 1981 καὶ

187 2025 334 2109 σημείων
355 2027 490 2089 πολλῶν
513 2021 710 2108 γινομένων.
751 2021 806 2088 καὶ
830 2025 920 2089 οἵτε
943 2023 1077 2108 μάντεις
1100 2023 1207 2088 άπαν-
1325 2015 1326 2066 3

187 2154 240 2208 τες
262 2127 317 2195 καὶ
341 2131 377 2196 οί
396 2141 463 2196 τῶν
488 2131 586 2215 ίερῶν
610 2128 764 2215 ἐξηγηταὶ
786 2132 889 2216 χόλου
911 2131 1082 2214 δαιμόνων
1100 2130 1208 2214 μηνύ-

186 2259 273 2321 ματα
300 2231 386 2302 εἶναι
413 2237 453 2302 τά
480 2239 640 2322 γινόμενα
665 2235 866 2323 ἀπέφαινον,
895 2237 993 2321 ίερῶν
1016 2259 1120 2302 τινων
1144 2235 1208 2320 οὐχ

150 2345 172 2410 2
188 2342 287 2418 ὁσίως
310 2339 390 2408 οὐδὲ
412 2350 569 2431 καθαρῶς
592 2341 863 2430 ἐπιτελουμένων.
897 2340 953 2409 καὶ
971 2340 1039 2428 μετ’
1057 2342 1099 2408 οὐ
1117 2345 1207 2408 πολὺ

146 2470 174 2510 νο
187 2452 287 2526 νόσος
310 2447 492 2535 ἐνέσκηψεν
515 2452 562 2528 είς
584 2451 641 2529 τάς
663 2462 823 2535 γυναῖκας
845 2449 911 2535 <ἡ>
928 2445 1116 2534 καλουμένη
1136 2455 1208 2516 λοι-

187 2557 279 2641 μική,
301 2553 356 2621 καὶ
379 2557 537 2642 θάνατος,
560 2557 638 2635 ὅσος
656 2558 749 2624 οὔπω
767 2560 941 2645 πρότερον,
964 2555 1107 2641 μάλιστα
1125 2552 1208 2640 <δ’>

187 2664 235 2740 εἰς
266 2663 324 2740 τάς
355 2661 548 2748 ἐγκύμονας.
601 2665 833 2748 ὠμοτοκοῦσαί
861 2686 896 2728 τε
926 2663 990 2747 γὰρ
1019 2660 1075 2727 καὶ
1104 2662 1208 2748 νεκρά

187 2771 357 2835 τίκτουσαι
381 2769 660 2855 συναπέθνησκον
683 2781 752 2848 τοῖς
774 2767 923 2857 βρέφεσι,
945 2766 1001 2836 καὶ
1020 2769 1098 2834 οὔτε
1117 2773 1209 2835 λιτα-

187 2885 275 2940 νεῖαι
306 2876 389 2960 πρδς
420 2874 510 2941 ἕδεσι
542 2873 597 2941 καὶ
629 2879 755 2960 βωμοῖς
783 2877 958 2959 γινόμεναι
985 2881 1095 2960 θεῶν,
1128 2876 1208 2941 οὔτε

147 2998 174 3040 2⁵
188 2983 408 3068 καθαρτήριοι
435 2983 554 3047 θυσίαι
581 2985 662 3068 περί
686 3005 721 3047 τε
747 2985 877 3058 πόλεως
902 2977 958 3046 καὶ
984 2985 1086 3045 οῖκων
1110 2981 1209 3047 ίδίων
1325 3001 1326 3064 j

152 3086 439 3173 3ἑπιτελούμεναι
466 3092 598 3154 παῦλαν
625 3087 742 3165 αὐταῖς
769 3089 891 3174 έφερον
913 3097 981 3152 τῶν
1003 3097 1124 3153 κακῶν.
1170 3087 1209 3153 ἐν
1325 3093 1326 3140 ἲ

261 3311 360 3369 2κατ’
382 3317 474 3370 αὐτῶν
493 3331 516 3370 ο.
536 3315 670 3370 Gelenius
760 3313 906 3389 ότ<ι>Β
932 3319 937 3384 Ι
962 3313 1047 3370 οὐδὲν
1066 3309 1163 3386 ἑτέρου
1183 3319 1209 3371 Α

190 3391 224 3439 12
243 3385 280 3455 ἀρ
298 3389 469 3457 αιρεσιῶνΑ
490 3403 575 3456 saepe
648 3393 681 3441 13
700 3386 836 3458 φρούριος
853 3385 906 3440 ΑΒ
928 3389 932 3455 Ι
952 3385 1082 3459 (εὐθὺς)
1102 3386 1133 3440 in
1151 3403 1209 3442 ras,

190 3455 254 3510 add.
274 3406 321 3510 δί)
413 3464 446 3512 19
472 3457 551 3511 *καὶ
569 3458 601 3512 οό
621 3456 691 3528 μετδι
708 3458 779 3512 πολὺ
799 3456 822 3512 0
846 3456 955 3512 correxi
1044 3463 1079 3512 20
1102 3457 1207 3527 ὴωδδ.
1325 3489 1326 3510 ι

188 3524 293 3579 πωπω
340 3525 835 3598 21πρότεροςΒειδάᾱὰ.1ῖοὶε1ςε
883 3533 917 3582 τε
931 3528 1059 3590 amem
1073 3527 1209 3592 ιιεαεςιι
1325 3515 1326 3564 λ
