2586 3972
169 228 234 292 278
593 227 759 280 -Θ-

167 413 271 475 τινας,
290 391 400 473 ὥσπερ
419 388 577 472 ἐποίησαν
596 389 632 454 οί
647 389 711 473 πρὸ
731 387 841 454 αὐτῶν
859 389 990 472 ὕπατοι,
1009 374 1263 472 διέστησαν1τ49

168 500 205 564 τὸ
230 497 377 584 ἀρχεῖον·
400 494 455 560 καὶ
478 495 558 580 μετὰ
581 491 669 559 τοῦτ’
694 497 855 580 ἔπραττον
879 493 932 560 ἐπὶ
950 499 1076 579 πολλῆς
1095 493 1191 573 ἐξου-

133 606 243 682 Ξσίας
270 605 310 669 τά
338 601 480 681 δόξαντα
507 610 546 686 τῇ
575 605 690 686 βουλῇ.
736 599 918 685 γενομένης
945 597 982 666 δέ
1010 610 1068 685 τῆς
1088 625 1191 667 κατα-

167 720 299 796 γραφῆς
318 709 354 775 ἐν
373 709 501 791 ὀλίγαις
518 705 655 794 ἡμέραις
674 705 812 794 ἐξῄεσαν
831 705 884 773 ἐπὶ
902 711 981 784 τοὺς
998 712 1190 792 πολεμίους,

142 820 232 884 ιδόο
256 815 317 901 μὲν
341 813 493 901 ἑκάτερος
515 817 607 898 ἀγων
626 812 796 898 Ῥωμαίων
819 815 966 898 τάγματα
989 826 1056 880 τῶν
1076 813 1109 893 ἐξ
1129 815 1190 879 αὐ-

169 933 227 1008 τῆς
249 920 529 1008 καταγραφέντων
551 930 609 1004 τῆς
626 923 765 1004 πόλεως,
788 921 850 986 οὐκ
869 919 992 987 ἐλάττω
1012 919 1048 987 δὲ
1067 923 1190 1006 ταύτης

170 1041 263 1114 χεῖρα
291 1028 352 1112 τὴν
377 1028 443 1093 ὑπὸ
466 1039 533 1092 τῶν
556 1027 705 1093 ἀποίκων
727 1051 762 1092 τε
785 1025 841 1092 καὶ
863 1028 1020 1112 ὑπηκόων
1044 1028 1190 1094 ἀποστα-

170 1141 292 1200 λεῖσαν.
338 1133 474 1220 ἀφίκετο
503 1131 533 1198 δ’
562 1133 674 1210 αὐτοῖς
698 1136 787 1219 παρὰ
810 1143 870 1200 τοῦ
893 1139 1049 1200 Λατίνων
1072 1158 1109 1200 τε
1132 1133 1190 1200 καὶ

166 1239 328 1328 Ἑρνίκων
348 1244 471 1318 ἔθνους
488 1241 666 1306 διπλάσιον
685 1249 745 1306 τοῦ
763 1239 946 1324 κληθέντος
965 1239 1190 1326 ἐπικουρικόν.

128 1369 154 1408 10
168 1348 210 1413 οὐ
237 1350 303 1433 μὴν
331 1347 513 1433 ἐχρήσαντό
541 1370 578 1430 γε
601 1350 713 1412 παντί·
742 1349 870 1432 πολλὴν
894 1343 930 1412 δέ
953 1347 1052 1434 χάριν
1075 1348 1192 1424 αὐτοῖς

168 1453 293 1520 εἰδέναι
316 1456 481 1538 φήσαντες
498 1462 555 1536 τῆς
574 1455 766 1538 προθυμίας
784 1451 952 1518 ἀπέλυσαν
970 1461 1028 1536 τῆς
1046 1451 1191 1518 ἀποστα-

134 1565 280 1646 3λείσης
303 1560 475 1644 δυνάμεως
497 1561 558 1643 τὴν
582 1559 745 1644 ἡμίσειαν.
781 1557 898 1636 ἔταξαν
918 1556 955 1625 δέ
973 1557 1028 1624 καὶ
1045 1561 1111 1644 πρὸ
1131 1569 1192 1644 τῆς

170 1670 297 1743 πόλεως
319 1669 431 1749 τρίτον
456 1665 492 1730 ἐκ
515 1667 609 1732 δυεῖν
633 1666 807 1751 ταγμάτων
830 1677 897 1732 τῶν
921 1665 957 1732 έν
980 1665 1066 1752 ἀκμῇ
1091 1684 1192 1749 στρα-

170 1775 242 1857 τόν,
265 1773 397 1857 φύλακα
420 1782 477 1856 τῆς
496 1773 604 1858 χώρας
622 1772 795 1856 ἐσόμενον,
817 1779 851 1836 εί
865 1796 915 1849 τις
933 1770 1028 1855 ἑτέρα
1047 1774 1192 1858 δύναμις

129 1897 154 1938 1⁵
170 1882 337 1962 πολεμίων
366 1877 401 1944 ἐκ
429 1887 489 1944 τοῦ
513 1877 678 1962 ἀδοκήτου
701 1882 835 1964 φανείη·
863 1882 941 1955 τοὺς
965 1876 995 1944 δ’
1021 1875 1108 1964 ὑπὲρ
1130 1881 1192 1946 τὸν

145 1987 406 2065 ’στρατιωτικὸν
438 1984 640 2068 κατάλογον,
672 1976 722 2062 οἷς
754 1987 802 2049 ἐτι
831 1986 973 2069 δύναμις
1001 1981 1045 2069 ἦν
1075 1985 1191 2051 ὅπλων

167 2095 326 2176 χρήσεως,
360 2089 396 2156 ἐν
425 2099 465 2176 τῇ
495 2093 589 2156 πόλει
618 2090 795 2157 κατέλιπον
818 2092 925 2179 ἄκρας
951 2115 986 2157 τε
1014 2090 1070 2157 καὶ
1098 2097 1190 2178 τείχη

131 2195 384 2281 4φυλάξοντοις.
435 2196 616 2280 ἀγαγόντες
648 2194 685 2263 δέ
717 2202 860 2283 πλησίον
888 2208 945 2281 τῆς
973 2198 1192 2264 Οὐιεντανῶν

168 2305 294 2378 πόλεως
324 2303 382 2379 τάς
409 2304 568 2388 δυνάμεις
595 2304 960 2392 κατεστρατοπέδευσαν
988 2303 1043 2370 ἐπὶ
1071 2309 1192 2391 λόφοις

130 2426 156 2466 20
171 2406 268 2474 δυσὶν
291 2409 332 2473 οὐ
355 2411 485 2496 μακράν
504 2409 725 2495 ἀφεστηκόσιν
744 2408 800 2476 ἀπ’
818 2410 980 2496 ἀλλήλων.
1013 2407 1056 2494 ἦν
1074 2408 1113 2477 δέ
1131 2411 1261 2479 καὶιισο

168 2514 189 2597 ἡ
213 2525 279 2579 τῶν
303 2520 473 2600 πολεμίων
497 2518 637 2602 δύναμις
661 2516 935 2604 ἐξεστρατευμένη
960 2521 1025 2604 πρὸ
1048 2528 1106 2603 τῆς
1128 2523 1192 2585 πό-

169 2625 251 2698 λεως
282 2624 388 2706 πολλή
420 2646 455 2688 τε
488 2622 544 2688 καλ
576 2623 696 2707 ἀγαθή.
750 2625 1024 2715 συνεληλύθεσαν
1056 2626 1119 2711 γάρ
1154 2624 1190 2704 ἐξ

169 2725 297 2812 ἀπάσης
324 2731 510 2815 Τυρρηνίας
533 2731 569 2794 oc
590 2732 815 2798 δυνατώτατοι
838 2735 917 2809 τοὺς
941 2730 1067 2798 ἑαυτῶν
1090 2731 1190 2797 πενέ-

169 2850 247 2910 στας
275 2833 490 2918 ἐπαγόμενοι,
517 2833 572 2900 καὶ
601 2835 730 2919 ἐγένετο
758 2848 819 2904 τοῦ
836 2835 1020 2922 Ῥωμαικοῦ
1044 2849 1191 2923 στρατοῦ
1289 2887 1290 2926 3

127 2921 281 3034 ἕξμείζον
308 2943 345 3006 τὸ
374 2944 582 3027 Τυρρηνικὸν
605 2942 666 3008 οὐκ
690 2944 801 3034 ὀλίγῳ.
846 2955 915 3021 τοῖς
939 2942 969 3008 δ’
990 2944 1129 3021 ὑπάτοις
1151 2949 1192 3011 τό

167 3071 202 3112 τε
230 3052 361 3131 πλῆθος
388 3049 491 3134 ὁρῶσι
519 3059 586 3113 τῶν
613 3053 782 3134 πολεμίων
810 3048 865 3115 καὶ
892 3050 954 3133 τὴν
976 3053 1192 3136 λαμπρότητα

167 3164 234 3218 τῶν
265 3153 378 3220 ὅπλων
407 3157 493 3220 πολὺ
525 3153 600 3231 δέος
627 3154 776 3241 ἐνέπεσε,
811 3159 855 3241 μή
883 3153 956 3222 ποτ’
989 3156 1050 3242 οὐχ
1078 3158 1193 3225 ίκανοὶ

239 3353 254 3398 9
275 3340 457 3416 ἐπικουρικοῦ
473 3348 495 3400 O
516 3341 697 3417 ἐπικουρικόν
711 3348 815 3403 Reiske
872 3355 905 3402 10
924 3347 1017 3417 πάντη
1031 3347 1082 3402 Ac
1100 3352 1193 3405 παντὶ

168 3415 190 3466 Β
209 3420 246 3467 τῶ
265 3416 351 3469 παντὶ
369 3433 392 3472 ο.
407 3416 536 3472 Ηοτλλθίο
549 3417 666 3472 Hermes
681 3419 706 3472 X
722 3425 773 3474 418
849 3425 880 3473 13
900 3419 949 3474 τὸν
969 3414 1000 3473 ἐν
1019 3419 1095 3489 ἀκμῇ
1116 3437 1192 3476 corr.

230 3469 235 3485 Ι

166 3483 272 3538 Reiske
