2674 3978
558 269 718 318 -z-
1100 266 1143 331 εο

126 437 258 510 γνῶμεν
288 427 372 511 ἤδη,
399 430 434 493 τί
457 425 530 493 ποτ’
557 424 648 492 ἐστὶν
677 426 783 493 ἐκεῖνο
807 430 844 493 τὸ
869 428 998 512 δεινόν,
1025 427 1043 494 δ
1072 430 1145 494 δια-

125 536 294 617 θήσουσιν
321 533 422 617 ἡμᾶς,
450 533 493 598 δν
521 535 566 618 μὴ
596 545 743 618 ποιῶμεν
766 535 895 599 ἅπαντα
917 541 962 622 τβ
987 535 1080 623 δήμῳ
1103 536 1143 600 τά
1272 608 1274 612 ,

125 636 202 704 καθ’
233 639 376 725 ἡδονάς,
408 641 453 717 ώς
485 640 521 706 οί
551 637 744 724 δημαγωγοί
776 639 886 704 αὐτῶν
919 640 1143 724 δεδιττόμενοι

63 747 253 829 1368ἔλεγον.
292 748 322 812 εί
345 743 376 811 δ’
403 745 546 832 ἀφήσετε
569 745 624 812 καλ
646 755 768 813 τοῦτον
791 745 827 811 ἐκ
850 757 917 812 τών
939 757 1061 832 χειρῶν
1083 749 1178 818 τὸν3

124 856 255 938 καιρόν,
277 853 437 930 πολλάκις
459 851 596 932 εὔξεσθε
619 854 772 919 τοιούτου
795 864 908 938 τυχεῖν
931 850 1059 940 ἑτέρου·
1087 853 1142 919 καλ
1169 874 1183 915 τ

125 961 157 1024 εί
182 962 280 1042 γνοίη
308 957 405 1025 τοῦθ’
436 959 454 1026 ὁ
485 960 606 1044 δῆμος,
639 960 690 1025 ὅτι
716 957 940 1045 βουληθέντες
966 961 1143 1026 καταλύειν

125 1065 230 1130 αὐτοῦ
243 1064 305 1148 τὴν
321 1067 418 1150 ἰσχὺν
432 1064 671 1151 ἀπετράπεσθε,
688 1069 775 1132 πολὺ
790 1071 917 1151 μᾶλλον
937 1066 1019 1152 ὑμῖν
1036 1069 1144 1153 βαρὺς

126 1169 324 1255 ἐγκείσεται,
350 1169 510 1255 πολέμιον
539 1167 601 1256 μὲν
627 1174 665 1238 τὸ
694 1176 902 1257 βουλόμενον
924 1173 1019 1256 ὑμῶν
1042 1173 1143 1257 ἡγού-

124 1300 235 1362 μενος,
259 1279 372 1344 δειλὸν
395 1275 433 1342 δὲ
456 1281 494 1344 τὸ
517 1277 562 1364 μὴ
586 1278 785 1362 δυνάμενον.

191 1383 293 1448 XXV.
327 1379 457 1450 Τοιαῦτ’
480 1386 630 1460 είπόντος
652 1393 712 1451 τοῦ
731 1389 888 1471 Μαρκίου
911 1383 1089 1469 διέστησαν
1107 1386 1144 1450 αί
1157 1405 1183 1446 ιο

124 1499 254 1573 γνῶμαι
278 1501 345 1555 τῶν
368 1489 552 1576 συνέδρων,
576 1487 631 1578 καίΙ
653 1494 804 1577 θόρυβος
825 1490 863 1556 έν
885 1491 997 1568 αὐτοῖς
1015 1490 1142 1573 ἐγίνετο

124 1598 238 1674 πολύς.
280 1597 316 1662 οί
336 1592 484 1683 μὲνγὰρ
509 1595 541 1675 ἐξ
569 1595 670 1682 ἀρχῆς
693 1597 838 1664 ἐναντίοι
861 1608 930 1674 τοῖς
954 1599 1143 1681 δημοτικοῖς

124 1700 260 1779 καὶτὰς
284 1703 464 1786 διαλλαγάς
487 1705 575 1789 παρά
599 1707 736 1788 γνώμην
758 1704 1005 1788 ὑπομείναντες,
1031 1702 1068 1768 έν
1092 1694 1142 1780 οἷς

123 1809 144 1891 ἥ
167 1831 203 1874 τε
221 1811 338 1892 νεότης
356 1809 472 1893 ὀλίγου
491 1811 563 1874 δεῖν
581 1819 670 1875 πᾶσα
688 1805 731 1893 ἦν
749 1806 804 1873 καλ
823 1819 890 1875 τών
908 1807 1142 1896 πρεσβυτέραν

125 1915 161 1980 οί
175 1916 423 1981 πλουσιώτατοί
438 1937 472 1980 τε
492 1913 546 1980 καλ
563 1918 822 2000 φιλοτιμότατοι,
841 1913 967 1999 βαρέως
985 1913 1143 2001 φέροντες
1157 1935 1183 1976 τε

125 2021 161 2085 οί
180 2017 243 2104 μὲν
266 2019 320 2085 ἐπὶ
342 2032 413 2098 ταῖς
435 2019 574 2105 περὶτὰ
598 2025 784 2105 συμβόλαια
806 2022 956 2106 βλάβαις,
980 2023 1015 2087 οί
1036 2016 1066 2086 δ’
1089 2020 1143 2087 ἐπὶ

122 2136 162 2212 τῇ
189 2125 267 2213 περὶ
294 2129 352 2204 τάς
378 2129 475 2213 τιμὰς
502 2127 676 2194 ἐλαττώσει
706 2125 853 2214 ἐπῄνουν
880 2130 939 2193 τὸν
967 2129 1075 2213 ἄνδρα
1098 2128 1142 2205 ώς

124 2245 282 2317 γενναῖον
314 2231 369 2299 καὶ
401 2237 581 2318 φιλόπολιν
613 2233 669 2299 καλ
700 2236 740 2300 τά
772 2235 930 2320 κράτιστα
961 2243 1005 2322 τῷ
1039 2243 1141 2322 κοινῷ

124 2339 277 2423 λέγοντα·
302 2341 338 2407 οί
358 2337 396 2406 δὲ
419 2341 597 2425 δημοτικάς
620 2345 751 2427 ἔχοντες
772 2342 829 2418 τάς
847 2339 1055 2427 προαιρέσεις
1072 2345 1176 2409 τώνλ

62 2450 256 2533 1369τρόπιου
279 2445 335 2512 καλ
358 2450 417 2514 τὸν
440 2452 585 2514 πλοῦτον
609 2448 650 2514 οὐ
677 2447 760 2535 πέρα
783 2457 843 2514 τοῦ
866 2446 1000 2526 δέοντος
1023 2448 1141 2515 έκτετι-
1156 2475 1182 2514 ιο

126 2557 265 2638 μηκότες
291 2564 348 2638 τῆς
374 2551 402 2618 τ’
429 2556 563 2639 εἰρήνης
589 2551 690 2620 οὐδὲν
714 2553 972 2641 ἀναγκαιότερον
994 2555 1142 2640 ὑπολαμ-

126 2661 285 2744 βάνοντες
306 2661 452 2745 ἤχθοντο
480 2671 550 2737 τοῖς
577 2660 767 2746 λεγομένοις
793 2659 848 2727 ὑπ’
877 2661 980 2728 αὐτοῦ
1003 2659 1058 2727 καλ
1081 2663 1143 2744 τὴν

125 2770 261 2852 γνώμην
284 2767 326 2833 οὐ
348 2769 538 2851 προσίεντο·
562 2766 678 2851 ἠξίουν
695 2792 730 2834 τε
750 2770 794 2853 μὴ
814 2779 884 2845 τοῖς
901 2771 1033 2852 βιαίοις,
1057 2767 1141 2832 ἀλλὰ

125 2885 192 2951 τοῖς
207 2873 396 2957 εὐγνώμοσι
411 2884 573 2961 περιεῖναι
591 2885 658 2940 τών
676 2871 929 2959 ταπεινοτέρων,
948 2871 1024 2957 μηδ’
1042 2872 1142 2959 ἀπρε-

124 2978 191 3062 πές,
210 2975 285 3045 ἀλλ’
309 2978 491 3062 ἀναγκαῖον
508 2980 664 3064 ἡγεῖσθαι
683 2983 719 3047 τὸ
739 2978 888 3064 ἐπιεικές,
906 2980 1014 3056 άλλως
1032 3003 1066 3044 τε
1085 2977 1140 3044 καλ
1155 3004 1181 3044 ιτ

123 3088 205 3172 πρὸς
236 3088 315 3162 τοὺς
347 3085 690 3172 συμπολιτευομένους
721 3083 770 3152 ἐπ’
802 3086 918 3175 εὐνοίᾳ
948 3089 1140 3171 γινόμενον·

193 3319 208 3367 7
229 3312 319 3366 verba
336 3315 407 3367 πολὺ
427 3319 530 3383 μᾶλλον
553 3331 642 3382 usque
662 3314 699 3368 οδ
722 3315 815 3369 δειλὸν
835 3333 859 3369 v.
880 3321 895 3368 9
915 3331 969 3370 om.
988 3313 1050 3380 Ao,
1074 3315 1139 3369 add.

122 3383 153 3452 B,
175 3383 285 3451 πολλὴν
304 3382 458 3438 ἀσθένειαν
481 3385 559 3454 ἡμῶν
583 3385 787 3454 κατεγνωκότες
805 3385 896 3448 ἀδεῶς
913 3388 1084 3440 τοίιντεῖιθεν
1103 3386 1140 3447 ὡς

122 3453 319 3525 ἀνδραπόδοις
332 3453 399 3524 ἡμῖν
430 3454 564 3526 ρήσονται
578 3453 652 3523 Omg
710 3463 739 3510 11
762 3452 948 3528 ἐγ<ί>νετοΒ
1005 3464 1037 3511 16
1052 3456 1140 3510 verba

122 3523 220 3596 οἱμὲν
241 3542 330 3593 usque
349 3527 385 3578 ad
404 3475 528 3598 ώιῄνουν
546 3545 572 3581 v.
596 3531 627 3579 17
648 3526 713 3582 add.
733 3526 755 3579 B
