2660 3976
557 257 718 306 -Ζ-
1077 254 1166 320 117·

129 419 269 495 ύνθους·
297 429 367 495 τοῖς
394 411 425 481 δ’
453 418 500 493 είς
527 418 702 503 Σατύρους
728 419 934 502 περιζώματα
965 417 1021 484 καὶ
1046 417 1143 505 δοραὶ

128 525 259 610 τρώγων
285 522 349 591 καὶ4
370 523 564 609 ὀρθότριχες
591 523 644 588 ἐπὶ
672 536 743 600 ταῖς
774 530 932 610 κεφαλαῖς
957 528 1062 610 φόβαι
1088 523 1144 592 καὶ

128 631 189 696 ὅσα
216 632 348 708 τούτοις
371 631 478 714 όμοια.
530 625 623 696 οὗτοι
650 629 880 698 κατέσκωπτόν
907 655 942 697 τε
968 629 1024 696 καὶ
1051 654 1143 697 κατε·

126 732 288 822 μιμοῦντο
318 737 376 813 τὰς
406 738 589 813 σπουδαίας
618 740 764 822 κινήσεις
796 737 849 803 ἐπὶ
881 739 920 803 τὰ
953 741 1143 825 γελοιότερα

125 843 373 929 μεταφέροντες.
410 842 550 926 δηλοῦσι
565 838 602 906 δὲ
620 840 727 908 καλαί
743 827 812 908 τῶν
823 844 1001 929 θριάμβων
1015 847 1141 912 είσοδοι
1153 825 1193 940 151
1315 911 1316 936 η

124 950 269 1016 παλαιὰν
297 946 353 1013 καὶ
376 947 553 1034 ἐπιχώριον
581 943 687 1015 οὖσαν
705 947 875 1034 Ῥωμαίοις
897 952 958 1035 τήν
981 950 1143 1037 κέρτομον

124 1055 179 1122 καὶ
207 1056 389 1141 σατυρικήν
420 1055 567 1121 παιδιάν.
619 1055 745 1140 ἐφεῖται
776 1058 840 1143 γὰρ
868 1068 937 1135 τοϊς
962 1059 1142 1143 κατάγουσι

63 1165 183 1240 1492τὰς
205 1166 300 1239 νίκας
319 1163 481 1247 ἰαμβίζειν
499 1185 534 1227 τε
556 1160 612 1228 καὶ
629 1165 873 1229 κατασκώπτειν
891 1167 970 1242 τοὺς
988 1165 1143 1251 ἐπιφανε-

125 1271 264 1346 στύτους
286 1269 542 1353 ύίνδραςαύτοίς
561 1269 807 1355 στρατηλάταις,
831 1271 875 1348 ώς
895 1269 1054 1355 Ἀθήνησι
1072 1284 1143 1350 τοϊς

123 1387 326 1461 πομπευταῖς
352 1387 422 1451 τοῖς
446 1373 499 1440 ἐπὶ
522 1387 588 1441 τών
611 1373 747 1461 ἁμαξῶν
768 1379 931 1462 πρότερον
954 1378 1022 1462 ύμα
1046 1381 1140 1459 [τοῖς]
1157 1397 1183 1437 1⁰

124 1484 298 1568 σκώμμασι
333 1479 613 1568 παροχουμένοις,
645 1492 710 1547 νῦν
743 1481 782 1548 δὲ
813 1481 967 1569 ποιήματ’
1001 1481 1142 1570 ᾅδουσιν

123 1586 331 1675 αὐτοσχέδια.
376 1584 470 1654 είδον
489 1586 527 1654 δέ
545 1587 600 1654 καί
623 1587 660 1654 έν
679 1589 812 1675 ἀνδρῶν
832 1589 1001 1675 ἐπισήμων
1024 1601 1142 1677 ταφαῖς
1154 1593 1196 1657 12

122 1696 190 1779 ἅμα
219 1705 290 1771 ταῖς
319 1695 434 1772 ἄλλαις
463 1707 608 1780 πομπαῖς
636 1695 911 1782 προηγουμένους
941 1707 999 1782 τῆς
1027 1701 1143 1782 κλίνης

122 1805 201 1878 τοὺς
224 1812 429 1886 σατυριστῶν
452 1804 574 1887 χοροὺς
594 1800 816 1887 κινουμένους
836 1805 897 1888 τήν
916 1807 1063 1871 σίκιννιν
1086 1805 1142 1890 όρ-

121 1925 236 1994 χησιν,
269 1895 410 1992 μάλιστα
438 1905 469 1973 δ’
501 1908 537 1974 ἐν
565 1920 635 1983 τοῖς
661 1919 729 1974 τῶν
757 1909 969 1995 εὐδαιμόνων
996 1912 1142 1994 κήδεσιν.
1157 1928 1183 1970 15

122 2016 174 2081 ὅτι
198 2011 229 2080 δ’
251 2016 328 2080 ούτε
347 2017 487 2099 Λιγύων
505 2014 575 2084 οὔτ’
595 2011 780 2100 Ὀμβρικῶν
808 2015 877 2084 οὔτ’
906 2019 1018 2083 ἄλλων
1040 2029 1143 2084 τινῶν

121 2121 303 2207 βαρβάρων
321 2133 388 2187 τών
408 2121 445 2187 έν
460 2119 582 2210 Ἰταλίᾳ
598 2125 847 2189 κατοικούντων
861 2125 989 2209 εύρημα
1006 2123 1027 2207 ἡ
1045 2140 1143 2190 σατυ-

56 2230 198 2316 1493ρικὴ
225 2229 342 2293 παιδιὰ
365 2226 419 2293 καὶ
443 2230 578 2314 όρχησις
598 2224 658 2313 ἦν,
686 2225 758 2294 ἀλλ’
781 2227 967 2314 Ἑλλήνων,
995 2227 1142 2315 δέδοικα,

119 2337 164 2420 μή
187 2336 244 2400 καί
266 2334 407 2420 ὀχληρὸς
424 2330 514 2400 εἶναί
528 2352 595 2400 τισι
615 2333 712 2419 δόξω,
731 2338 842 2420 λόγοις
859 2339 988 2402 πλείοσι
1006 2346 1143 2404 πιστοῦ-

119 2449 202 2507 σθαι
226 2441 499 2526 ὁμολογούμενον
521 2451 655 2528 πρᾶγμα
678 2445 898 2527 βουλόμενος.
927 2491 931 2496 -
1155 2464 1182 2503 ιο

188 2549 285 2614 Μετδι
304 2545 343 2613 δέ
361 2552 439 2626 τοὺς
456 2552 577 2635 χοροὺς
593 2550 733 2626 τούτους
759 2553 953 2635 κιθαρισταί
968 2550 1002 2614 τ’
1019 2548 1141 2634 ἀθρόοι
1153 2552 1194 2616 13

118 2651 177 2720 καὶ
200 2652 341 2739 αὐληταὶ
363 2653 483 2720 πολλοὶ
505 2652 723 2740 παρεξῄεσαν·
747 2654 802 2721 καὶ
822 2653 891 2741 μετ’
912 2655 1034 2732 αὐτοὺς
1057 2656 1142 2721 οἵτε

118 2763 160 2827 τδι
182 2764 389 2845 θυμιατήρια
412 2765 611 2846 κομίζοντες,
640 2759 691 2846 ἐφ’
720 2756 767 2827 ὧν
792 2761 948 2848 ἀρώματα
971 2759 1026 2828 καὶ
1049 2765 1142 2846 λιβα-

118 2869 228 2944 νωτὸς
253 2861 330 2954 παρ’
363 2867 444 2952 ὅλην
470 2867 554 2942 ,ὁδὸν
583 2867 761 2953 ἐθυμιᾶτο,
787 2867 844 2934 καὶ
871 2870 906 2935 οἱ
931 2869 970 2932 τδι
997 2879 1142 2953 πομπεῖα

118 2972 371 3059 παραφέροντες
394 2973 556 3060 ἀργυρίου
578 2972 634 3039 καὶ
657 2977 798 3061 χρυσίου
816 2973 1021 3060 πεποιημένα
1043 2975 1083 3040 τύ
1106 2997 1141 3040 τε
1155 2997 1181 3040 25

120 3082 204 3166 ίερολ1
224 3078 281 3146 καὶ
307 3081 347 3144 τώ
375 3082 529 3164 δημόσια.
579 3087 749 3146 τελευταῖα
781 3078 818 3147 δὲ
847 3081 981 3146 πάντων
1011 3081 1048 3145 αἱ
1075 3091 1142 3147 τών

192 3245 326 3307 2φῶκαι
343 3236 391 3290 Aa
409 3238 505 3310 φῶβαι
524 3236 571 3291 Ab
658 3237 778 3309 3ὅμοια
798 3254 883 3307 supra
902 3238 1040 3304 seript.B
1122 3243 1139 3292 5

119 3309 153 3364 αϊ
170 3325 257 3378 supra
276 3309 414 3378 script.B
469 3309 734 3378 9στρατηλοίταςΒ
786 3315 819 3363 10
837 3309 932 3372 τοίςΟ
952 3309 1006 3366 del.
1021 3309 1140 3365 Hudson

119 3386 153 3435 11
173 3377 423 3450 παρορχουμένους
442 3378 465 3432 Ο
484 3395 552 3433 cort.
569 3379 690 3450 Sylburg
710 3384 714 3450 Ι
734 3380 878 3452 ποιήματα
898 3380 920 3435 O
995 3389 1027 3435 12
1049 3379 1139 3453 εἶδον]

119 3445 191 3520 ᾖδον
210 3450 236 3504 Α
325 3456 358 3504 14
377 3449 542 3519 σατυριστδις
560 3449 583 3504 0
602 3467 671 3505 corr.
691 3451 846 3506 Salmasius
935 3460 967 3508 17
988 3451 1096 3524 εύρημα
1116 3457 1140 3506 Α

120 3521 226 3594 εὕρεμα
245 3520 269 3574 Β
342 3526 377 3575 24
396 3521 463 3590 ὅλην
482 3521 533 3590 τήν
552 3520 620 3576 ὁδὸν
639 3539 662 3578 ο.
681 3522 827 3593 Kiessling
