2586 3972
475 235 676 288 ...Θ-

85 396 267 482 ὑπέσχοντο
296 407 343 484 τῷ
371 398 475 485 δημιμ.
525 394 738 482 ἀπορουμένῃ
772 392 809 461 δὲ
842 405 881 482 τῃ
910 399 1017 483 βουλῇ
1045 395 1136 463 καὶ4

86 501 314 590 ἀμηχανούσῃ,
342 507 377 569 τί
401 504 463 589 χρη
487 513 612 587 ποιεῖν,
631 501 772 579 ’Ἁππιος
795 503 964 579 Κλαύδιος
986 502 1099 569 ὑποτί-

85 614 178 674 θεται
207 621 360 693 σκοπεῖν,
388 609 475 685 ὅπως
503 610 714 692 διαστήσεται
743 609 783 673 τά
811 618 878 673 τῶν
905 609 1018 674 άλλων
1041 610 1099 694 δη-

32 716 218 801 ιιειμάρχων
241 718 325 802 πρὸς
347 715 466 798 αὐτόν,
490 714 670 798 διδάσκων,
693 714 743 779 ὅτι
766 715 825 780 τὸν
848 715 1021 780 κωλύοντα
1044 715 1099 780 καί

85 821 238 906 ἐμποδὼν
268 825 449 906 γινόμενον
485 832 554 898 τοῖς
586 823 729 905 δόγμασι
760 830 818 906 τῆς
849 824 973 905 βουλῆς
1007 821 1098 907 ίερὸν
1126 846 1139 886 ι

85 930 161 995 ὄντα
179 927 236 994 καὶ
254 931 347 1017 νόμῳ
365 929 427 1012 τὴν
447 926 602 1006 ἐξουσίαν
623 929 741 1013 ἔχοντα
764 928 887 1010 ταύτην
906 928 1015 1004 άλλως
1037 927 1099 993 οὐκ

86 1038 150 1101 ἔστι
177 1042 304 1100 παῦσαι
331 1043 389 1117 τῆς
416 1035 628 1117 δυναστείας,
660 1032 719 1098 ἐὰν
746 1035 790 1118 μή
818 1058 868 1111 τις
894 1033 1006 1121 ἕτερος
1032 1046 1098 1100 τῶν

86 1139 144 1206 άπὸ
173 1149 233 1224 τῆς
260 1146 334 1223 ίσης
360 1149 455 1224 τιμῆς
481 1139 536 1206 καὶ
563 1142 625 1225 την
648 1139 753 1223 αὐτὴν
776 1139 930 1218 ἐξουσίαν
954 1139 1099 1226 ἐχόντων

85 1247 240 1314 τάναντία
267 1247 393 1332 πράττῃ
420 1251 492 1329 καί,
519 1238 570 1324 οἷς
596 1245 638 1312 δν
667 1245 792 1322 ἐκεῖνος
819 1245 973 1331 ἐμποδών
1003 1246 1098 1330 γε’νῃ·

85 1377 149 1438 ται,
177 1362 281 1418 ταῦτα
310 1353 431 1439 κωλύῃ.
477 1350 703 1438 συνεβούλευέ
722 1375 757 1417 τε
780 1363 849 1428 τοῖς
871 1347 972 1428 αὖθις
994 1340 1139 1452 παρα-ᾗ,

85 1459 285 1544 ληψομένοις
315 1460 376 1543 τὴν
409 1459 516 1545 άρχην
547 1460 687 1537 ὑπάτοις
723 1469 822 1524 τοῦτο
853 1459 1009 1545 πράττειν
1042 1458 1098 1525 καὶ

13 1587 15 1592 ’
87 1578 236 1650 σκοπεῖν,
269 1566 357 1643 ὅπως
388 1564 504 1644 ἕξουσί
533 1589 626 1644 τινας
657 1564 709 1631 ἀεὶ
739 1575 807 1630 τῶν
840 1565 1018 1652 δημάρχων
1050 1567 1098 1632 οί-

13 1719 14 1730 ι
85 1677 192 1751 κοίους
221 1674 316 1758 σφίσι
339 1670 394 1737 καὶ
417 1675 550 1757 φίλους·
578 1677 658 1756 μίαν
681 1667 766 1738 εἶναι
795 1671 903 1756 λέγων
925 1681 983 1757 τῆς
1005 1671 1097 1751 ἐξου-

86 1784 154 1858 σίας
172 1787 234 1845 τοῦ
253 1777 388 1865 ἀρχείου
401 1777 594 1862 κατάλυσιν,
612 1776 672 1843 ἐάν
687 1779 882 1858 στασιάζωσι
901 1781 984 1865 πρὸς
998 1778 1097 1862 άλλή-

86 1891 160 1964 λους
184 1886 221 1950 οί
240 1887 369 1970 ἄνδρες.
1112 1906 1136 1946 15

148 1992 190 2056 ΙΙ.
240 1992 370 2075 Ταύτην
403 1989 665 2076 εἰσηγησαμένου
700 1992 761 2076 τὴν
794 1993 930 2076 γνώμην
954 1989 1096 2057 Ἀππίου

88 2098 239 2177 δόξαντες
263 2099 365 2163 αὐτὸν
385 2097 497 2183 ὀρθῶς
519 2109 695 2183 παραινεῖν
713 2100 749 2163 οί
764 2121 799 2163 τε
817 2099 938 2168 ὕπατοι
956 2096 1012 2162 καὶ
1029 2109 1096 2163 τῶν

31 2207 193 2272 Ιιειάλλων
220 2205 256 2269 οί
280 2204 520 2289 δυνατώτατοι,
552 2208 658 2290 πολλῃ
687 2207 850 2291 θεραπείᾳ
878 2201 1096 2288 διεπράξαντο

87 2314 160 2390 τοὺς
190 2309 344 2397 τέτταρας
376 2309 413 2374 ἐκ
444 2321 512 2376 τῶν
545 2311 725 2398 δημάρχων
753 2313 896 2386 οἰκείους
924 2319 962 2395 τῃ
990 2315 1095 2396 βουλῃ
1219 2304 1246 2374 .”

88 2415 247 2500 γενέσθαι.
294 2416 330 2481 οί
351 2412 388 2481 δὲ
411 2420 490 2494 τέως
513 2413 574 2502 μὲν
596 2421 685 2506 λόγῳ
708 2419 921 2501 μεταπείθειν
944 2418 1003 2482 τὸν
1023 2401 1138 2514 Ἰκί-,ῗ0

89 2529 157 2590 λιον
184 2524 377 2610 ἐπεχείρουν
405 2521 588 2607 ἀποστῆναι
618 2535 685 2589 τῶν
712 2521 787 2606 περὶ
815 2531 872 2606 της
897 2526 1097 2609 κληρουχίας

88 2630 330 2715 πολιτευμάτων
337 2678 347 2713 ,
375 2629 436 2706 ἕως
464 2631 499 2696 ολ
528 2633 667 2713 πόλεμοι
697 2630 824 2713 λάβωσι
851 2627 956 2706 τέλος·
989 2629 1034 2705 ὡς
1061 2624 1091 2692 δ’

88 2736 278 2819 ἠναντιοῦτο
307 2734 362 2801 καὶ
390 2736 557 2820 διώμνυτο
582 2739 684 2818 λόγον
707 2759 740 2800 τε
764 2737 823 2801 τὸν
847 2733 1095 2821 αὐθαδέστερον

89 2844 186 2909 είπεῖν
208 2843 365 2927 ἐτόλμησε
393 2850 453 2908 τοῦ
482 2842 590 2926 δήμου
617 2845 797 2928 παρόντος,
825 2842 875 2906 ὅτι
903 2845 1030 2925 μᾶλλον
1053 2839 1095 2905 άν

89 2951 237 3031 βούλοιτο
266 2951 461 3035 Τυρρηνοὺς
487 2945 543 3012 καὶ
570 2950 648 3025 τοὺς
671 2950 794 3025 ἄλλους
815 2952 994 3032 πολεμίους
1016 2971 1094 3033 κρα-
1109 2971 1135 3012 ω

156 3146 170 3194 3
189 3140 410 3264 διαστήσᾯται
428 3141 451 3193 Β
547 3148 562 3194 6
581 3140 669 3194 verba
687 3139 753 3193 inde
773 3139 809 3193 ab
829 3137 929 3209 ἔχοντα
949 3155 1038 3208 usque
1057 3139 1094 3192 ad

90 3204 213 3275 ἐξουσίαν
231 3231 257 3266 v.
278 3217 294 3266 8
314 3228 331 3264 a
352 3211 379 3266 d.
398 3211 421 3264 B
477 3219 492 3266 9
510 3211 644 3280 πράττειν
664 3213 693 3266 et
711 3229 737 3266 v.
753 3216 787 3266 10
806 3211 925 3265 κωλύειν
945 3211 966 3265 0
982 3213 1095 3280 praeter

90 3280 253 3353 ΒΙγίνηται
270 3283 323 3336 AB
399 3289 431 3336 10
449 3291 537 3336 ταῦτα
556 3282 593 3352 μὴ
612 3282 705 3354 κωλύῃ
724 3299 746 3335 ο.
766 3281 868 3336 Reiske
952 3289 984 3337 17
1005 3281 1095 3335 είΒο

91 3354 120 3406 οἵ
132 3353 177 3407 Bb
242 3361 275 3408 18
294 3353 384 3408 άλλων
403 3352 433 3408 οἱ
450 3355 493 3414 δυ,
513 3353 559 3406 Bb
579 3370 613 3407 ex
632 3369 700 3409 corr.
718 3355 722 3423 Ι
738 3355 880 3428 θεραπείᾳ
899 3354 922 3407 Β
941 3355 1094 3429 δυναστείᾳ

90 3422 113 3476 R
180 3433 212 3480 23
232 3426 341 3495 διώμνυ
359 3424 406 3477 Ba
424 3445 455 3478 το
475 3425 539 3478 add.
559 3425 606 3479 Bb
626 3441 711 3494 supra
728 3424 777 3478 lin.
804 3433 808 3492 ί
834 3423 1050 3480 αὐθαδέστατον
1069 3443 1093 3479 ο.

91 3493 204 3566 Sylburg
276 3501 310 3550 25
330 3495 475 3567 βούλοιντο
494 3495 518 3550 Ο
536 3495 684 3565 praeterB

138 3597 235 3638 Dmm.
251 3596 314 3635 En.
325 3595 369 3634 111.
398 3605 436 3634 ιιι).
450 3595 551 3635 λεοουτ.
901 3589 934 3638 18
