2656 3974
167 189 233 256 356
591 188 760 241 -Θ-

167 351 204 418 ἐκ
233 359 366 438 μικράς,
396 349 557 436 ἐπιφανής
588 345 617 416 δ’
646 346 679 427 ἐξ
708 347 831 427 ἀδόξου
859 344 998 432 γέγονεν
1025 347 1046 432 ἡ
1073 350 1185 428 πόλιςς

166 455 222 524 καὶ
246 455 441 532 στασιαστὰς
464 451 598 540 ἑτέρους
619 451 797 531 ἀποκαλεῖς
819 448 875 518 καὶ
897 453 1088 537 φυγαδικήν
1110 476 1187 521 τινα

167 565 272 650 τύχην
295 563 481 644 ὀνειδίζεις,
511 561 620 647 ὥσπερ
644 560 705 646 οὑχ
728 558 885 626 ἁπάντων
908 561 956 625 ἔτι
978 560 1107 626 τούτων
1131 583 1187 644 με·

168 668 347 757 μνημένοον
370 672 407 736 τὸ
430 661 508 734 καθ’
529 667 626 753 ὑμᾶς,
649 667 700 732 ὅτι
723 666 959 743 στασιάσαντες
980 667 1017 732 οί
1033 662 1087 732 σολ
1105 669 1187 752 πρό-
1264 719 1269 730 .

142 801 265 862 εγονοι
297 779 380 862 πρὸς
412 777 490 852 τοὺς
521 772 558 839 ἐν
590 771 676 840 τέλει
708 769 764 838 καὶ
793 774 855 857 τήν
885 769 1012 838 ἑαυτῶν
1042 775 1188 859 πατρίδα

168 885 402 958 καταλιπόντες
439 875 556 945 ἐνθάδ’
592 878 782 964 ίδρύθησαν
821 875 942 959 ἱκέταις
984 880 1015 944 εί
1045 881 1090 964 μή
1123 880 1189 966 άρα

169 990 264 1074 ὑμεῖς
291 984 352 1074 μὲν
380 985 569 1062 ἐκλιπόντες
595 986 657 1069 τήν
685 982 813 1051 ἑαυτῶν
839 986 981 1070 πατρίδα
1008 988 1105 1075 πόθῳ
1131 994 1189 1070 τής

170 1094 362 1181 ἐλευθερίας
399 1094 502 1158 καλὸν
534 1093 635 1177 ἔργον
667 1090 857 1178 ἐπράττετε,
890 1089 1047 1176 Ῥωμαῖοι
1079 1089 1117 1157 δὲ
1148 1093 1188 1158 τά

137 1202 271 1287 2όμοια
298 1200 379 1288 ὑμῖν
403 1201 599 1286 δεδρακότες
621 1197 663 1264 οὐ
685 1200 796 1265 καλόν.
843 1204 966 1286 τολμᾷς
989 1194 1026 1264 δὲ
1048 1195 1105 1264 καὶ
1126 1199 1189 1283 τήν

130 1333 157 1372 10
170 1317 237 1374 τῶν
266 1308 445 1394 δημάρχων
474 1304 628 1384 ἐξουσίαν
655 1305 701 1382 ὡς
723 1303 777 1371 ἐπὶ
800 1314 889 1394 κακῷ
913 1310 1189 1391 παρεληλυθυῖαν

171 1415 219 1491 είς
241 1414 302 1498 τήν
325 1417 424 1480 πόλιν
448 1413 629 1498 λοιδορεῖν,
651 1410 706 1478 καὶ
729 1415 858 1490 πείθεις
874 1409 1031 1478 τουτουσὶ
1049 1416 1189 1478 καταλῦ-

172 1537 227 1586 σαι
254 1521 315 1604 τήν
342 1531 410 1586 τῶν
439 1520 592 1602 πενήτων
620 1516 814 1603 ἐπικουρίαν
837 1520 899 1603 τήν
922 1519 1017 1604 ίερὰν
1039 1514 1096 1584 καὶ
1119 1517 1190 1584 άκί-

171 1650 275 1710 νητον
297 1623 354 1692 καὶ
376 1626 535 1710 μεγάλαις
557 1622 810 1710 ἠσφαλισμένην
833 1625 870 1691 ἐκ
892 1631 986 1691 θεῶν
1004 1647 1039 1690 τε
1057 1626 1114 1690 καί
1132 1624 1191 1690 άν-

171 1734 319 1819 θράπων
337 1731 508 1817 ἀνάγκαις,
532 1726 557 1796 ὦ
577 1733 818 1817 μισοδημότατε
837 1730 893 1799 καὶ
910 1733 1190 1818 τυραννικάτατες

132 1837 226 1906 τεκαὶ
250 1835 331 1905 οὐδὲ
353 1836 439 1904 τοῦτ’
464 1839 528 1926 άρα
551 1837 722 1923 ἐδυνήθης
742 1845 877 1923 μαθεῖν,
900 1838 951 1904 ὅτι
973 1846 1012 1924 τῇ
1030 1861 1066 1904 τε
1084 1842 1265 1924 βουλήιεῖε

171 1943 227 2012 καλ
253 1954 292 2031 τῇ
321 1955 464 2012 σεαυτοῦ
490 1944 574 2033 ἀρχή
602 1954 705 2011 ταῦτα
732 1944 840 2030 λέγων
862 1947 1015 2032 λοιδορής
1047 1942 1190 2032 καὶγὰρ

171 2052 192 2135 ή
225 2054 331 2137 βουλή
362 2053 566 2118 διαναστᾶσα
594 2054 678 2138 πρὸς
703 2055 782 2129 τοὺς
809 2055 972 2137 βασιλεῖς,
1004 2045 1053 2118 ὧν
1080 2051 1192 2118 οὐκέτι

172 2160 230 2236 τὰς
257 2159 486 2245 ὑπερηφανίας
511 2156 567 2224 καλ
589 2160 648 2236 τάς
671 2158 785 2245 ὕβρεις
808 2157 989 2245 ὑποφέρειν
1013 2156 1126 2243 ήξίου,
1152 2161 1191 2226 τὸ

172 2273 239 2330 τῶν
267 2264 402 2330 ὑπάτων
429 2265 563 2352 ἀρχεῖον
590 2268 828 2350 κατεστήσατο,
855 2263 911 2330 καὶ
938 2263 1018 2352 πρὶν
1041 2263 1193 2343 ἐκείνους

128 2394 160 2435 εο
174 2369 324 2449 ἐξελάσαι
355 2380 412 2456 τής
442 2375 569 2450 πόλεως
602 2370 734 2459 ἑτέρους
768 2370 902 2457 ἐποίησε
931 2380 988 2456 τής
1017 2375 1193 2458 βασιλικῆς

138 2476 324 2556 δόξουσίας
346 2481 491 2564 κυρίους.
533 2476 616 2544 ὥσθ’
645 2478 666 2544 ὑ
688 2475 764 2565 περὶ
787 2485 845 2562 τῆς
868 2480 1051 2563 δημαρχίας
1073 2476 1193 2564 λέγεις,

173 2586 218 2662 ὡς
247 2581 301 2650 ἐπὶ
328 2594 418 2672 κακῷ
445 2587 731 2671 παρεληλυθυίας,
762 2584 876 2669 ἐπειδή
903 2587 964 2670 τήν
992 2583 1098 2670 άρχήν
1127 2584 1193 2652 άπὸ

173 2692 384 2776 διχοστασίας
402 2693 511 2776 ἔλαβε,
532 2702 635 2758 ταῦτα
652 2690 708 2758 καὶ
726 2692 808 2758 κατά
826 2700 884 2777 τῆς
900 2690 1057 2768 ὑπατείας
1074 2689 1192 2776 λέγεις.

173 2795 254 2864 οὐδὲ
277 2799 341 2885 γάρ
364 2797 495 2883 ἐκείνην
518 2800 601 2884 άλλη
624 2823 675 2876 τις
698 2799 851 2883 είσήγαγε
873 2801 1050 2884 πρόφασις,
1072 2796 1148 2865 ἀλλ’
1171 2799 1192 2883 ή

134 2887 256 3002 ἐξαρὸς
288 2906 367 2982 τοὺς
397 2908 543 2989 βασιλεῖς
574 2916 641 2971 τῶν
671 2906 854 2991 πατρικίων
881 2905 1002 2982 στάσις.
1049 2904 1134 2970 ἀλλὰ
1162 2907 1197 2972 τί

174 3010 277 3077 ταῦτά
303 3027 357 3076 σοι
381 3008 591 3095 διαλέγομαι,
619 3010 663 3089 ὡς
686 3019 817 3098 χρηστῷ
839 3008 894 3077 καὶ
917 3012 1039 3100 μετρίςο
1062 3014 1195 3098 πολίτη,

176 3116 215 3182 δυ
243 3118 385 3194 ἅπαντες
416 3122 526 3183 ίσασιν
554 3111 648 3184 οὗτοι
677 3119 794 3184 σκαιὸν
822 3119 902 3183 ὄντα
930 3118 986 3182 διά
1014 3114 1112 3200 γένος
1139 3115 1195 3183 καὶ

246 3315 262 3364 2
286 3329 343 3364 τινι
366 3325 389 3364 ο.
408 3309 553 3435 Κδεεελὶοχ
576 3308 741 3364 dubitanter
822 3316 839 3364 4
861 3308 1006 3365 τῶνκαθ’
1027 3307 1102 3378 ἡμᾶς
1119 3308 1170 3364 Bb
1191 3310 1195 3381 Ι

175 3380 266 3435 οἴσολ
283 3380 331 3434 Ba
398 3378 510 3436 δένθα
540 3380 691 3452 δρὺθησαν
709 3382 735 3434 Δ
804 3381 890 3452 ’λμὲν
909 3379 1008 3437 om.A
1077 3384 1111 3434 1⁷
1132 3382 1198 3435 δια·
1311 3385 1312 3416 ³

175 3457 301 3504 ναστάσα
316 3459 393 3505 πᾶσα
407 3451 478 3522 πρὸς
492 3451 514 3506 0
529 3453 643 3522 praeter
657 3453 679 3506 Β
698 3453 837 3507 διαστᾶσα
851 3452 872 3508 O
918 3458 951 3507 27
971 3451 1021 3507 διά
1033 3447 1135 3521 γένους
1149 3452 1198 3508 Ba
1311 3457 1312 3515 λ
