2674 3978
181 232 225 297 66
448 227 766 284 -·-z-

37 463 40 466 .
65 419 67 424 ’
144 393 376 478 3έπιτηδείων
407 393 468 476 τὴν
498 393 632 480 ἀγοράν.
674 394 715 460 οὐ
746 394 809 479 γάρ
841 391 999 472 ἀνθέξειν
1030 393 1115 479 ἡμᾶς
1143 394 1197 461 ἐπὶ

179 504 288 568 πολὺν
315 504 439 587 χρόνον
466 501 563 584 ὀλίγα
591 505 678 566 σιτία
705 505 833 567 πολλοῦ
856 499 1071 584 ὠνουμένους
1093 499 1197 587 ἀργυ-

179 613 255 694 ρίου
282 605 423 692 πένητας
450 607 666 693 ἀνθρώπους,
693 607 777 674 ἀλλά
803 610 882 684 τοὺς
909 603 970 690 μὲν
998 610 1197 694 οἰχήσεσθαι

177 716 240 799 τὴν
253 717 352 780 πόλιν
366 713 587 797 ἐκλείποντας,
605 713 678 779 ὅσοι
698 711 729 778 δ’
752 713 794 779 άν
812 713 1016 797 ὑπομείνωσι
1035 723 1274 803 mano-1408

149 819 423 909 εδαιμονεστάτφ
452 821 746 906 διαφθαρήσεσθαι
772 831 840 885 τών
872 823 995 906 μόρων.
1038 821 1126 886 οὕτω
1160 818 1192 886 δ’

177 929 243 1010 άρα
264 929 467 1011 παρεφρόνει
485 925 540 992 καὶ
559 928 747 1012 θεοβλαβὴς
764 921 806 1011 ἦν
824 937 929 992 ταῦτα
946 931 1077 993 πείθων
1097 928 1196 1013 ὑμᾶς,

178 1032 255 1100 ὥστ’
273 1030 346 1099 οὐδ’
364 1032 472 1098 έκεῖνο
486 1034 641 1118 ἠδωηθη
655 1040 873 1118 καταμαθεῖν,
886 1031 987 1119 χωρὶς
1000 1045 1067 1098 τών
1081 1035 1196 1100 ἄλλων

178 1135 225 1206 ών
248 1144 482 1226 προσετρίβετο
505 1141 563 1217 τὰς
584 1149 641 1224 τῆς
658 1144 783 1224 βουλῆς
801 1141 948 1216 σπονδὰς
966 1141 1061 1206 λύειν
1079 1140 1196 1227 ἀξιῶν,

177 1248 228 1312 ὅτι
250 1246 386 1332 πένητες
408 1247 584 1333 άνθρωποι
601 1257 660 1330 τῆς
677 1246 860 1330 ἀναγκαίου
878 1256 1003 1332 τροφῆς
1021 1245 1196 1314 ἀποκλειό-

138 1378 165 1418 10
178 1376 272 1437 μενοι
294 1363 449 1420 τοσοῦτοι
468 1356 504 1420 τὸ
523 1358 652 1437 πλῆθος
671 1355 764 1430 ὄντες
786 1353 887 1436 ὁμόσε
905 1364 1027 1438 χωρεῖν
1050 1353 1196 1438 ἀναγκα-

177 1463 361 1544 σθήσονται
384 1473 453 1538 τοῖς
476 1461 593 1538 αίτίοις
615 1469 672 1544 τῆς
695 1469 868 1546 συμφορᾶς
886 1456 992 1525 οὐθὲν
1011 1463 1060 1525 ἔτι
1077 1464 1195 1545 φίλιον

140 1567 365 1651 4ἡγούμενοι.
411 1563 488 1632 ὥστ’
519 1569 551 1631 εί
576 1565 733 1651 μανέντες
759 1565 853 1650 ὑμεῖς
880 1565 1107 1652 ἐπεκυρώσατε
1136 1569 1196 1646 τὰς

176 1675 309 1758 γνώμας
331 1673 447 1756 αὐτοῦ,
470 1669 578 1756 μηθὲν
597 1673 639 1738 ἀν
657 1671 814 1756 γενέσθαι
837 1675 874 1739 τὸ
899 1674 954 1738 διά
978 1671 1094 1758 μέσου,
1116 1672 1191 1740 ἀλλ’

176 1783 249 1864 ἤτοι
272 1783 309 1846 τὸ
329 1781 508 1863 δημοτικὸν
526 1777 733 1845 ἀπολωλέναι
751 1784 881 1863 πλῆθος
900 1779 1001 1862 ἅπαν,
1024 1779 1045 1863 ἢ
1064 1777 1193 1865 <μηδὲ>

135 1907 161 1948 ιι
174 1889 213 1953 τὸ
242 1897 310 1952 τών
338 1890 520 1973 πατρικίων
549 1889 800 1971 περιλελεῖφθαι
830 1883 933 1969 γένος,
984 1886 1025 1952 οὐ
1055 1887 1118 1970 γάρ
1149 1886 1194 1953 διν

176 1993 281 2070 οὕτως
294 1993 562 2080 ἀνδραποδωδῶς
575 1991 782 2078 παρέσχομεν
799 1990 947 2075 ἑαυτούς,
967 1993 1003 2058 οί
1018 1989 1080 2077 μὲν
1099 1993 1193 2059 ε’κπε-

176 2113 259 2184 σεῖν,
282 2101 318 2166 οί
339 2095 369 2166 δ’
396 2100 593 2184 ἀποθανεῖν,
620 2098 705 2164 ἀλλά
727 2102 829 2176 θεοὺς
851 2098 1019 2185 μάρτυρας
1043 2093 1090 2164 ὧν
1114 2099 1193 2166 ἐπά-

176 2223 298 2292 σχομεν
321 2205 376 2272 καὶ
399 2209 560 2290 δαίμονας
587 2205 874 2290 ἐπικαλεσάμενοι,
900 2211 1035 2272 πολλῶν
1058 2205 1100 2272 ἀν
1124 2207 1267 2286 ἐξε-1409

173 2316 405 2399 πληρώσαμεν,
430 2308 469 2378 εὖ
493 2320 573 2397 ῖστε,
595 2314 653 2390 τάς
675 2313 800 2399 άγοράς
822 2311 877 2378 καὶ
900 2315 978 2390 τοὺς
1002 2317 1193 2393 στενωποὺς

134 2440 161 2481 ιο
174 2431 314 2504 νεκρῶν,
328 2418 383 2485 καὶ
399 2419 503 2503 μέγαν
517 2415 653 2504 αἵματος
666 2430 812 2505 κρατῆρα
826 2426 998 2486 πολιτικοῦ
1013 2423 1193 2504 στήσαντες

175 2526 280 2603 οὕτως
293 2525 335 2591 ἀν
350 2526 533 2609 ἐδεξάμεθα
546 2527 608 2610 τὴν
621 2524 843 2611 ὀφειλομένην
862 2539 991 2612 μοῖραν.
1029 2527 1193 2592 τοιούτων

173 2634 255 2718 ὑμῖν
274 2633 534 2717 δυσσεβημάτων
552 2634 737 2716 εἰσηγητής,
757 2629 782 2697 ώ
802 2631 951 2719 πατέρες,
974 2631 1116 2717 ἐγένετο,
1134 2630 1191 2697 καλ

173 2750 308 2807 τοιαῦτα
333 2741 535 2824 δημηγορεῖν
558 2737 640 2826 ᾤετο
664 2740 744 2803 δεῖν.

241 2847 405 2914 XXXXV.
442 2845 509 2912 Καὶ
532 2844 607 2933 οὐχὶ
630 2843 739 2930 λέγειν
762 2843 823 2931 μὲν
847 2845 865 2911 ὁ
888 2846 1053 2931 Μάρκιος,
1084 2845 1116 2924 ἐξ
1141 2839 1190 2910 ὧν

132 2971 159 3012 26
173 2957 343 3039 διαστήσει
365 2955 427 3038 την
449 2957 560 3036 πόλιν,
589 2952 787 3039 ἐπεχείρησε,
816 2952 972 3037 πράττειν
996 2951 1026 3016 δ’
1050 2953 1111 3038 οὐχ
1134 2943 1191 3018 οἷα

245 3083 260 3130 1
280 3075 415 3142 ἀνθέξειν
435 3084 509 3201 ημᾶς
528 3074 568 3130 ἔτι
587 3092 609 3130 ο,
628 3073 772 3142 Kiessling
851 3081 868 3127 4
887 3081 920 3143 τῆ
939 3073 1020 3129 πόλει
1040 3076 1061 3127 Β
1086 3082 1090 3138 ι
1116 3068 1191 3127 ἐκλι-

443 3075 450 3094 t

171 3148 277 3209 πάντας
295 3165 364 3202 corr.
383 3164 418 3201 ex
451 3149 616 3208 κλείποντας
636 3149 656 3198 Β
676 3142 855 3207 ἐκλείποντας
873 3147 898 3200 R
975 3153 991 3200 5
1010 3147 1076 3214 post
1094 3143 1190 3214 μόρων

172 3219 237 3274 add.
253 3223 321 3289 λιμῷ
339 3217 483 3286 Kiessling
498 3220 502 3286 1
520 3217 591 3272 οὕτω
612 3219 634 3268 Α
653 3212 733 3278 οὗτος
756 3220 798 3268 Ba
816 3215 902 3278 οὕτως
920 3216 967 3270 Bb
1040 3213 1145 3285 δημᾶς
1162 3216 1187 3269 Β

172 3287 247 3346 8ὦν
267 3295 289 3342 0
309 3287 348 3342 δι’
370 3285 409 3342 ὧν
428 3287 531 3342 Reiske
560 3291 565 3358 Ι
593 3288 643 3350 τάς
661 3296 709 3356 τῆς
728 3289 868 3360 βουλῆςΑ
887 3295 920 3358 τῇ
940 3286 1067 3360 βουλῆΒ
1154 3293 1189 3342 14

172 3361 237 3418 οὐδὲ
258 3360 321 3416 add.
342 3358 444 3412 Reiske
464 3360 534 3429 μηδὲ
553 3359 643 3414 Cobet
661 3359 727 3414 obs,
746 3377 773 3428 p.
790 3364 840 3412 143
915 3366 947 3412 15
966 3367 1016 3412 τοῦ
1035 3359 1187 3427 πατρικίου

173 3434 248 3487 ΑΒω
321 3437 352 3484 17
373 3430 516 3500 πάσχομεν
535 3432 561 3485 A
624 3432 738 3500 λλδμίν
759 3436 781 3484 Α
799 3427 867 3499 ἡμῖν
886 3429 925 3482 R·
970 3435 1005 3484 25
1025 3429 1188 3497 διαστήσειν

174 3505 283 3560 Ocorr.
304 3502 426 3571 Sylbuxg
