2656 3974
195 235 262 300 324
621 235 787 287 -Θ-

194 400 257 483 την
283 399 465 482 καταδίκην
488 396 694 484 ἀπαριθμεῖν
716 433 760 444 -
783 397 845 463 οὐκ
867 397 1021 482 ἠξίωσεν,
1045 395 1129 463 ἀλλά
1151 404 1217 463 θα-

194 505 297 572 νάτου
320 505 383 589 τὴν
405 504 584 591 συμφοράν
605 504 828 589 τιμησάμενος
850 510 937 571 οῖκοι
955 503 1066 588 μένων
1083 503 1141 570 καὶ
1158 505 1218 570 ού-

195 610 277 678 δένα
307 609 524 697 προσιέμενος
552 612 619 676 ὑπό
645 608 675 677 τ’
704 609 853 694 ἀθυμίας
878 608 934 676 καὶ
961 614 1063 677 σίτων
1091 611 1217 697 ἀποχῆς

196 716 381 804 μαρανθεὶς
412 715 534 802 ἀπέστη
566 727 627 783 τοῦ
659 720 747 801 βίον.
796 714 852 782 καὶ
881 718 922 782 τὰ
950 714 1012 802 μὲν
1042 716 1080 783 ἐν
1108 718 1217 807 τούτῳ

168 823 388 912 δπραχθέντα
410 833 456 912 τςό
481 822 623 911 ἐνιαυτῷ
646 823 758 889 τοιάδε
781 819 834 908 ην.

262 930 420 996 XXVIII.
461 934 617 997 Ποπλίου
647 926 686 995 δὲ
718 931 906 1016 Οὐαλερίου
934 935 1130 997 Ποπλικόλα
1158 929 1216 996 καλ

196 1041 302 1103 Γαίου
321 1040 475 1102 Ναυτίου
498 1038 762 1122 παραλαβόντων
784 1039 846 1122 τὴν
868 1036 975 1124 ἀρχὴν
996 1035 1106 1124 ἕτερος
1128 1036 1215 1122 ἀνὴρ

195 1145 297 1211 πάλιν
320 1154 387 1209 τῶν
409 1148 593 1229 πατρικίων
611 1145 776 1230 Σερούιος
793 1147 1003 1230 Σερουίλιος,
1026 1145 1045 1211 δ
1067 1153 1113 1232 τῷ
1132 1166 1217 1230 παρ-

197 1253 333 1317 ελθόντι
361 1250 549 1329 ὑπατεύσας
575 1253 655 1334 ἔτει,
686 1246 755 1335 μετ’
783 1248 825 1316 ού
851 1252 960 1317 πολύν
982 1249 1003 1335 ἦ
1026 1251 1087 1334 τὴν
1109 1250 1217 1337 ἀρχὴν

158 1377 183 1416 10
197 1356 389 1424 ἀποθέσθαι
407 1361 531 1443 χρόνον
550 1358 598 1435 είς
614 1360 674 1424 τὸν
692 1353 776 1442 ύπέρ
794 1366 853 1440 της
867 1366 977 1442 ψυχῆς
989 1356 1103 1441 ἀγῶνα
1115 1359 1216 1443 ἤχθη.

197 1467 233 1533 οί
253 1462 290 1531 δὲ
313 1464 496 1547 προθέντες
518 1465 607 1553 αύτῷ
631 1465 693 1548 τὴν
717 1463 817 1552 ἐντῷ
837 1465 931 1553 δημςο
951 1466 1048 1549 δίκην
1066 1465 1129 1531 δύο
1148 1475 1217 1530 τῶν

197 1572 377 1657 δημάρχων
394 1567 492 1657 ἦσαν,
515 1572 660 1648 Λεύκιος
676 1571 851 1648 Καιδίκιος
868 1568 924 1636 καὶ
947 1573 1045 1647 Τῖτος
1062 1570 1217 1656 Στάτιος,

197 1678 260 1744 οὐκ
289 1676 505 1761 ἀδικήματος,
535 1676 619 1743 ἀλλὰ
645 1678 746 1763 τύχης
772 1676 989 1754 ἀπαιτοῦντες
1015 1678 1133 1762 λόγον,
1164 1677 1217 1744 ότι

197 1785 279 1850 κατὰ
308 1785 369 1868 τὴν
398 1787 482 1871 πρὸς
514 1787 708 1870 Τυρρηνοὺς
737 1784 846 1869 μάχην
876 1784 1046 1868 ὠσάμενος
1073 1782 1128 1849 ἐπὶ
1155 1787 1217 1850 τὸν

159 1914 184 1953 ιε
198 1891 325 1978 χάρακα
353 1901 420 1956 τῶν
446 1895 615 1975 πολεμίων
643 1891 661 1958 ὁ
690 1889 776 1976 ἀνὴρ
804 1890 1015 1976 θρασύτερον
1042 1894 1171 1975 μᾶλλον
1193 1890 1287 1975 ἤιε-21
1318 1955 1319 1958 ,

198 1999 470 2090 φρονιμώτερον,
502 1998 648 2084 ἐδιώχθη
681 2020 716 2063 τε
747 1997 813 2064 ὑπὸ
845 2009 913 2064 τῶν
945 1999 1045 2063 ἔνδον
1078 1996 1217 2082 ἀθρόων

200 2104 447 2183 ἐπεξελθόντων
481 2103 537 2170 καὶ
570 2105 631 2188 τὴν
662 2108 841 2190 κρατίστην
871 2107 1010 2188 νεότητα
1042 2101 1218 2189 ἀπέβαλεν.
1317 2147 1318 2233 χ

164 2207 297 2288 ἳοίπος
315 2211 333 2278 ὁ
353 2211 444 2295 ἀγὼν
463 2209 619 2277 ἁπάντων
637 2210 743 2296 ἐφάνη
761 2223 832 2288 τοῖς
849 2215 1033 2296 πατρικίοις
1047 2209 1217 2294 [ἀγόνων]

199 2318 400 2401 βαρύτατος,
432 2318 642 2402 ἠγανάκτουν
674 2340 708 2382 τε
742 2320 914 2396 συνιόντες
941 2319 1025 2403 πρὸς
1053 2317 1220 2401 ἀλλήλους
1316 2335 1317 2402 3

160 2445 186 2487 ιο
200 2420 256 2488 καὶ
279 2424 392 2491 δεινὸν
411 2424 597 2509 ἐποιοῦντο,
621 2427 653 2490 εί
669 2425 727 2502 τὰς
745 2425 920 2508 εὐτολμίας
937 2435 1004 2490 τῶν
1022 2435 1218 2510 στρατηγῶν

200 2526 255 2596 καὶ
282 2531 320 2596 τὸ
348 2528 475 2614 μηδένα
501 2532 663 2596 κίνδυνον
690 2528 818 2613 ὀκνεῖν,
848 2529 907 2596 ε’ἀν
934 2529 1122 2616 ἐναντιωθῇ
1146 2543 1219 2608 ταῖς

201 2635 371 2719 ἐπιβολαῖς
393 2636 504 2702 αὐτῶν
526 2639 565 2703 τὸ
584 2638 773 2721 δαιμόνιον,
795 2637 843 2713 είς
859 2641 1061 2722 κατηγορίαν
1078 2635 1219 2715 ἄξουσιν

202 2744 238 2809 οἱ
262 2744 306 2828 μὴ
335 2743 471 2821 στάντες
497 2744 585 2828 παρά
612 2744 653 2808 τά
681 2743 788 2808 δεινά·
820 2744 945 2820 δειλίας
972 2766 1008 2808 τε
1033 2741 1090 2808 καὶ
1113 2745 1218 2809 όκνου
1314 2829 1315 2834 ¹

200 2848 339 2915 καὶτοῦ
363 2845 467 2934 μηδὲν
491 2852 539 2914 ἐτι
561 2860 775 2932 καινουργεῖν
793 2851 871 2926 τοὺς
888 2847 1065 2933 ἡγεμόνας,
1087 2846 1148 2934 ὑφ’
1171 2843 1219 2914 διν

273 3072 412 3147 3ἐποχῖγς
431 3075 453 3130 0
472 3077 581 3147 ἀποχῆς
600 3076 722 3147 Sylburg
779 3075 975 3147 4μαρανθελς
992 3076 1027 3132 cf.
1043 3076 1134 3132 CobeI:
1153 3075 1220 3133 Obs.
1313 3087 1314 3102 ³

200 3167 229 3218 p.
244 3154 296 3204 178
369 3155 385 3203 8
404 3144 531 3220 ἐρουίνος
549 3147 595 3203 hic
614 3152 644 3202 et
662 3165 689 3216 p.
705 3153 766 3216 325,
786 3154 821 3203 26
839 3165 889 3218 pro
904 3150 1068 3219 Σερουίλιος
1086 3148 1110 3202 Β
1186 3156 1220 3203 12

201 3219 251 3274 καλ
269 3221 360 3283 δίκιος
374 3221 399 3272 Α
418 3221 524 3282 ,δίκιος
542 3221 564 3273 Β
584 3220 633 3273 καί
651 3217 779 3281 δέκιοςῦ
797 3219 875 3273 idem
894 3222 987 3274 exstat
1001 3225 1062 3284 325,
1077 3225 1094 3273 8
1111 3221 1115 3279 Ι
1137 3220 1222 3291 στρά-

201 3310 259 3353 τιος
278 3290 328 3345 ΑΟ
419 3297 452 3346 16
474 3289 585 3361 ἀθροον
603 3289 682 3345 ABG
705 3288 822 3358 ἀθρόων
841 3289 888 3345 Ba
974 3297 1007 3345 18
1026 3291 1221 3359 *ἀγώνωνΟ

201 3361 281 3416 uncis
300 3359 404 3415 inclusi
476 3367 511 3416 20
535 3361 563 3417 εί
579 3356 610 3416 ἐκ
628 3369 678 3431 τῆς
696 3362 842 3432 εὐτολμίας
859 3361 885 3414 Α
957 3368 991 3416 22
1011 3356 1178 3433 ἐπιβουλαῖς
1196 3364 1223 3416 A

203 3438 238 3487 24
261 3441 340 3501 σφῶν
360 3430 382 3485 0
406 3430 458 3501 ὑφ’
475 3429 514 3488 ὧν
536 3432 640 3489 Reisko
670 3435 674 3503 Ι
703 3441 783 3503 σφῶν
803 3429 970 3504 ἐλευθερίαν
990 3451 1020 3488 τε
1038 3434 1224 3489 ἀπόλλυσθαι

203 3503 252 3556 καὶ
270 3501 423 3572 ἡγεμονίαν
442 3505 635 3560 καταλύεσθαι
652 3504 678 3557 Α
