2674 3978
537 245 700 295 -z-
1084 245 1125 311 τε

108 404 247 484 δειξάτω
274 403 329 471 καὶ
357 401 466 490 μηδὲν
494 407 542 471 ἐτι
565 406 711 489 δεόμεθα
734 409 844 488 λόγου.
890 406 928 470 αί
948 402 979 471 δ’
1007 407 1161 492 δμοίο-3

107 516 189 597 γίαι,
211 509 289 578 καθ’
312 511 352 590 ἀς
370 513 571 588 διελύσασθε
590 513 673 598 πρὸς
691 514 769 590 τοὺς
787 514 932 596 δημότας
954 513 992 578 αί
1006 513 1126 580 νεωστὶ

42 623 298 704 ιιεθγενόμεναι·
334 620 396 705 χρή
424 618 490 703 γάρ
522 615 577 684 καὶ
606 615 682 704 περὶ
714 619 842 684 τούτων
874 618 960 703 ὑμᾶς
991 607 1128 705 μαθεῖν,

105 725 221 811 ἐπειδή
249 725 396 810 πονηρὸς
422 723 579 809 ἐξηγητής
606 724 624 790 6
653 726 821 811 δήμαρχος
847 724 957 792 αὐτῶν
981 724 1125 810 ἐγένετο·

105 834 169 899 δύο
200 841 305 898 ταῦτα
332 834 575 917 συγχωρήματα
605 829 829 917 περιέχουσιν·
860 831 1021 918 ἀφεῖσθαι
1048 837 1125 911 τοὺς
1151 863 1164 904 τ

105 941 307 1024 δημοτικοὺς
328 948 396 1004 τῶν
418 949 542 1024 χρεῶν,
571 933 626 1004 καὶ
648 939 711 1021 τήν
733 936 839 1024 ἀρχήν
863 941 964 1024 τήνδε
991 939 1124 1006 ἀποδεί-

103 1052 253 1111 κνυσθαι
275 1041 354 1110 καθ’
382 1043 521 1110 ἕκαστον
544 1043 698 1110 ἐνιαυτὸν
721 1043 911 1131 ἐπικουρίας
934 1046 1029 1112 ἕνεκα
1054 1057 1124 1113 τῶν
1201 1090 1203 1096 ·

102 1149 376 1238 κατισχυομένων
390 1149 445 1218 καὶ
459 1152 644 1234 κωλύσεως,
658 1152 740 1216 ἀλλο
755 1147 792 1217 δὲ
806 1154 895 1238 παρὰ
908 1151 998 1219 ταῦτ’
1012 1153 1122 1221 οὐδέν.

102 1257 263 1343 μέγιστον
282 1255 314 1323 δ’
336 1258 418 1343 ὑμῖν
436 1255 587 1341 γενέσθω
606 1260 794 1344 τεκμήριον,
813 1257 864 1324 ὅτι
882 1256 959 1324 οὔθ’
983 1259 1001 1326 6
1020 1263 1157 1346 νόμος4

102 1362 184 1431 οὔδ’
211 1365 250 1430 ac
274 1371 442 1450 συνθῆκαι
468 1361 540 1430 κατ’
565 1363 690 1450 ἀνδρὸς
709 1368 885 1450 πατρικίου
909 1366 1053 1444 δικάζειν
1074 1375 1121 1454 τῷ
1137 1386 1163 1426 ιο

16 1485 18 1562 ξ
102 1474 199 1562 δήμῳ
224 1469 410 1538 δεδώκασιν
433 1470 599 1556 ἐξουσίαν,
621 1471 639 1536 ὃ
658 1481 749 1538 ποιεῖ
766 1480 831 1538 νῦν
850 1471 949 1549 αὐτὸς
972 1472 990 1539 6
1010 1473 1122 1557 δῆμος.

97 1581 242 1644 -αίτείται
265 1579 329 1663 γάρ
348 1577 428 1644 αὐτὸ
451 1574 528 1662 παρ’
551 1577 646 1661 ὑμῶν
663 1579 819 1662 τήμερον,
841 1578 886 1655 ὡς
905 1581 1069 1664 πρότερόν
1087 1575 1117 1661 γ’

16 1669 17 1730 3
101 1685 165 1752 ούκ
189 1687 290 1770 ἔχων·
319 1681 430 1761 οὐδεὶς
453 1680 483 1749 δ’
511 1682 554 1748 ἀν
577 1681 729 1761 ἀξιώσειέ
747 1707 779 1748 τι
802 1680 879 1769 παρ’
906 1685 1018 1750 ἀλλων
1041 1689 1122 1769 ίαμ-

16 1777 17 1818 *
101 1793 233 1876 βάνειν,
256 1785 304 1855 ὧν
323 1789 393 1856 ἐστι
411 1793 504 1879 νόμῳ
522 1791 645 1874 κύριος.
683 1786 871 1856 δίκαιονδέ
893 1789 1158 1876 φύσεωςάνοὸ

16 1889 18 1954 ί
101 1895 304 1982 μοθέτητον,
326 1892 352 1962 ὦ
371 1899 489 1982 βουλή,
511 1907 581 1974 πῶς
598 1895 641 1970 ἀν
660 1903 710 1980 εἴη
729 1906 841 1964 τοῦτο·
863 1898 1002 1984 καὶγὰρ
1024 1906 1121 1963 τοῦτο
1137 1916 1162 1956 1⁵

100 2003 225 2082 Δέκιος
256 2004 342 2088 ὑμᾶς
373 2001 455 2091 ᾤετο
484 2005 556 2069 δεῖν
583 2014 734 2070 σκοπεῖν·
766 2014 837 2081 τοῖς
863 2000 925 2088 μὲν
953 2005 1121 2088 δημόταις,

100 2113 139 2189 ἅς
163 2108 193 2176 τ’
220 2110 264 2176 ἀν
285 2111 417 2196 φύγωσι
441 2111 536 2188 δίκας
556 2110 621 2177 ὑπὸ
645 2121 712 2177 τῶν
734 2113 916 2196 πατρικίων
938 2108 994 2176 καὶ
1017 2110 1056 2188 δς
1078 2109 1120 2175 άν

101 2217 252 2295 ἐκείνους
276 2217 432 2309 διώκωσι,
455 2219 513 2283 τὸν
536 2219 644 2302 δῆμον
668 2218 824 2300 δικάζειν,
854 2228 923 2294 τοῖς
946 2212 984 2281 δέ
1005 2237 1120 2302 πατρι-

45 2328 188 2402 ιιοοκίοις
217 2320 298 2408 μήθ’
330 2323 410 2389 ὅταν
433 2322 582 2406 ἐπάγωσί
606 2347 680 2389 τινα
707 2335 775 2389 τῶν
805 2324 993 2408 δημοτικῶν
1023 2325 1121 2409 δίκην

18 2429 19 2432 '
102 2427 184 2515 μήθ’
201 2429 284 2496 ὅταν
303 2427 398 2495 αὐτοὶ
416 2430 660 2496 κινδυνεύσωσι
676 2432 754 2508 τοὺς
767 2433 959 2516 πατρικίους
971 2433 1012 2496 τά
1025 2435 1117 2516 νείκη
1132 2449 1159 2488 20

103 2538 254 2621 διαιτᾶν,
286 2534 370 2601 ἀλλὰ
400 2537 530 2613 τούτοις
563 2532 624 2620 μὲν
660 2534 830 2622 ἀμφότερα
867 2535 987 2614 ἐξεῖναι
1022 2543 1119 2604 πλεο-

102 2654 250 2728 νεκτεῖν,
277 2642 358 2728 ἡμῖν
381 2640 411 2708 δ’
440 2640 618 2729 οὐδετέρου
641 2653 709 2709 τῶν
731 2644 871 2710 δικαίων
894 2642 1055 2728 μετέχειν;
1089 2645 1121 2708 εί
1133 2644 1153 2707 6

104 2877 171 2927 1868
190 2887 218 2940 p.
234 2876 286 2926 816
307 2865 354 2925 ἐπὶ
372 2876 409 2943 τῷ
427 2869 538 2944 νύμφα
566 2870 669 2926 Reiske
698 2873 703 2940 Ι
737 2869 981 2941 δεδοκιμασμίνην
1001 2869 1023 2924 O
1043 2871 1118 2924 δεδι-

63 2999 66 3004 ,
102 2942 245 3032 καομένην
265 2958 288 2996 ο.
307 2941 411 2998 ΒείεΙω

173 3023 189 3070 3
208 3020 283 3084 ημᾶς
301 3013 377 3066 Assa
396 3014 468 3083 ὑμᾶς
486 3012 533 3067 Bb
623 3019 640 3067 8
659 3011 801 3075 κωλύσεως
826 3021 881 3066 τῶν
899 3012 1075 3080 ἀδικούντων
1094 3028 1117 3066 ο.

104 3083 225 3154 Sylburg
322 3089 356 3138 10
377 3086 445 3154 post
468 3087 611 3154 συνθῆκαι
633 3102 732 3138 rasura
755 3086 888 3153 quattuor
911 3083 1070 3137 litterarum
1094 3083 1117 3138 B

104 3162 134 3209 12
153 3153 289 3226 τήμερον]
308 3158 445 3237 πρότερον
464 3155 489 3208 Α
546 3161 578 3208 13
597 3156 710 3222 ἀξιώσει
729 3154 770 3210 ἐτι
788 3153 838 3210 Ac
858 3153 1030 3228 ἀξιώσεκε)
1048 3175 1076 3209 τι
1093 3155 1116 3207 Β

103 3226 247 3292 ἀξιώσειεν
266 3226 308 3282 ἔτι
330 3243 353 3281 ο.
372 3226 517 3295 K1essling
539 3227 667 3293 ἀξιώσειέ
689 3246 745 3281 που
769 3226 883 3298 (δήπου)
902 3243 925 3282 c.
945 3225 1117 3296 Grasberger

103 3295 266 3368 Philologus
286 3303 320 3353 28
344 3299 437 3369 (1869)
460 3316 486 3367 p.
504 3301 554 3351 551
579 3297 614 3352 cf.
633 3299 781 3353 Baumann
800 3297 914 3364 Quaest.
939 3315 1056 3367 gramm.
1081 3299 1116 3354 de

103 3385 153 3423 usu
170 3370 246 3424 mod.
265 3385 293 3438 p.
309 3374 343 3423 35
431 3373 464 3421 14
482 3370 595 3424 δίκαιον
615 3369 650 3439 δή
670 3369 692 3423 O
712 3385 780 3424 corr.
799 3368 944 3438 Kieseh'ng
1032 3374 1064 3423 17
1083 3368 1117 3432 ἀς

103 3459 133 3507 γε
150 3441 172 3495 0
192 3441 226 3504 ἅς
243 3439 270 3494 τ’
293 3438 395 3494 Reiske
415 3441 420 3508 Ι
441 3440 565 3512 φεύγωσι
583 3457 606 3494 ο.
625 3439 728 3496 Reiske
802 3447 835 3495 19
854 3439 985 3510 δπάγωσί
998 3460 1062 3494 τινα
1084 3472 1114 3480 -

105 3511 183 3581 δίκην
202 3512 255 3566 ΑΒ
275 3506 403 3580 ἐπάγωσί
416 3530 474 3565 τινι
494 3543 522 3552 -
546 3513 671 3582 δίκηνΗ
724 3541 726 3545 ·
755 3517 790 3566 20
808 3511 993 3567 κινδυνεύωσι
1011 3509 1115 3566 ΒείιῙτο
