2656 3974
161 231 226 295 316
586 229 751 282 -Θ-

161 393 370 478 λαμβοίνουσι
405 389 461 458 καὶ
497 401 565 457 τῶν
601 401 730 476 νεκρῶν
762 393 913 474 γίνονται
944 392 1064 472 κύριοι.
1122 389 1184 456 καὶ

128 500 434 576 8κατακλείσαντες
466 497 588 574 αὐτοὺς
624 498 673 574 είς
707 501 904 582 πολιορκίαν
940 495 995 562 καὶ
1028 493 1072 563 δι’
1100 495 1185 582 ὅλης

162 615 220 692 τῆς
242 612 358 689 λοιπῆς
379 603 503 691 ἡμέρας
524 603 714 690 προσβολὰς
735 603 955 688 ποιησόμενοι
977 605 1103 680 πολλὰς
1124 603 1185 669 καὶ

163 708 243 778 οὐδὲ
275 712 338 795 την
371 711 475 776 νύκτα
509 708 649 794 ἀφέντες
680 709 814 795 αίροῶσι
845 710 905 775 τὸν
935 710 1063 797 χάρακα
1095 708 1184 775 έκλι-
1319 705 1320 708 '

135 822 295 886 ιπόντων
324 816 427 884 αὐτὸν
453 827 521 882 τῶν
548 817 665 900 ἔνδον,
691 813 747 882 καὶ
774 818 927 899 γίνονται
953 822 1088 883 πολλῶν
1117 832 1184 882 σω-

162 925 275 1010 μιίτων
293 945 328 988 τε
346 919 401 988 καί
419 922 596 1008 χρημάτων
615 921 795 1008 ἐγκρατεῖς·
815 919 896 988 οὐδὲ
914 925 978 1010 γὰρ
996 922 1183 990 ἀποσκευά-

164 1035 289 1096 σασθαι
318 1029 463 1114 δύναμιν
493 1030 592 1116 ἔσχον
620 1029 656 1095 οί
679 1030 878 1114 φεύγοντες,
907 1027 980 1096 ἀλλ’
1006 1029 1183 1114 ἀγαπητῶς

163 1137 246 1204 αὐτὰ
269 1137 310 1201 τὰ
333 1137 469 1220 σώματα
492 1134 672 1219 διέσωσαν,
700 1132 781 1202 οὐδὲ
803 1137 843 1201 τὰ
866 1135 952 1202 ὅπλα
975 1135 1093 1203 πολλοὶ
1116 1162 1182 1222 φυ-

163 1244 343 1320 λόττοντες.

126 1376 151 1415 10
231 1349 371 1415 XXIIII.
402 1350 447 1414 Οί
472 1347 503 1415 δ’
530 1348 568 1415 έν
594 1358 633 1435 τῇ
652 1346 759 1436 Ῥώμη
786 1352 848 1434 την
870 1347 898 1414 τ’
926 1349 1092 1416 ἀπώλειαν
1114 1360 1185 1415 τῶν

164 1456 333 1544 σφετέρων
362 1453 418 1522 καὶ
447 1457 508 1540 την
536 1456 662 1521 ἅλωσιν
692 1465 753 1522 τοῦ
780 1456 924 1543 χάρακος
950 1459 1116 1542 μαθόντες
1142 1493 1181 1504 -

164 1559 248 1648 ἧκον
274 1566 338 1648 γὰρ
367 1563 403 1630 οἱ
422 1573 547 1650 πρῶτοι
571 1561 796 1640 διασωθέντες
819 1562 855 1629 έκ
877 1572 936 1648 της
957 1571 1082 1650 τροπῆς
1104 1569 1185 1630 πολ-

165 1676 223 1754 λῆς
252 1672 299 1735 ἔτι
328 1671 449 1746 νυκτὸς
478 1669 582 1754 οὔσης
608 1707 653 1716 -
681 1672 728 1747 είς
757 1669 862 1755 μέγαν
890 1673 1044 1756 θόρυβον
1072 1672 1184 1756 ὥσπερ

165 1779 253 1852 εἰκὸς
279 1773 496 1859 κατέστησαν·
529 1773 584 1850 καὶ
612 1775 657 1854 ὡς
679 1776 797 1842 αὐτίκα
821 1777 863 1861 δὴ
886 1777 974 1862 μάλα
996 1789 1064 1844 τῶν
1086 1783 1263 1843 πολε-1808

126 1905 151 1946 ιε
165 1887 252 1968 μίων
279 1880 333 1948 έπλ
360 1891 446 1967 σφᾶς
473 1880 702 1968 ἐλευσομένων
726 1881 933 1968 ἁρπάσαντες
957 1885 996 1950 τὰ
1020 1885 1123 1969 ὅπλα,
1150 1885 1189 1950 οί

165 1987 227 2075 μὲν
254 1991 294 2055 τὰ
322 1991 412 2076 τείχη
439 1989 739 2076 περιεστεφάνουν,
768 1990 803 2056 oc
828 1986 866 2055 δὲ
887 1991 953 2077 πρὸ
976 2002 1044 2056 τῶν
1066 1996 1184 2057 πυλῶν

167 2095 333 2180 ἐτάξαντο,
352 2098 387 2162 οί
404 2093 441 2162 δέ
458 2097 499 2160 τὰ
513 2095 661 2182 μετέωρα
674 2105 732 2182 τῆς
745 2098 874 2174 πόλεως
886 2097 1187 2183 κατελαμβάνοντο.

131 2199 209 2289 θην
236 2200 274 2268 δέ
302 2205 426 2290 δρόμος
453 2205 592 2281 ἄτακτος
619 2203 684 2270 ιἰνδ
712 2205 774 2288 την
801 2207 900 2270 πόλιν
927 2204 1010 2288 ὅλην
1037 2202 1092 2269 καὶ
1120 2207 1186 2290 βοὴ

168 2311 343 2394 συμμιγής,
366 2307 421 2375 καὶ
445 2307 498 2375 ἐπὶ
520 2308 715 2393 τοῑςτέγεσι
733 2321 801 2376 τῶν
820 2316 922 2376 οίκων
940 2311 987 2387 είς
1006 2307 1111 2393 ἀλκὴν
1129 2309 1187 2376 καὶ

128 2438 153 2478 ιο
167 2415 281 2501 ἀγῶνα
309 2415 467 2503 εὐτρεπὴς
490 2417 508 2483 ὁ
531 2417 734 2493 κατοικίδιος
762 2417 875 2502 ὄχλος,
902 2420 1028 2503 πυρσοί
1046 2439 1082 2481 τε
1106 2434 1188 2482 συν-

166 2534 268 2611 εχεῖς,
295 2513 350 2589 οἷα
378 2525 420 2608 δὴ
448 2521 485 2590 ἐν
512 2520 609 2590 νυκτὶ
631 2521 687 2589 καὶ
710 2527 847 2611 σκοταίᾳ
869 2523 988 2610 ταύτῃ,
1015 2523 1081 2590 ὑπὸ
1105 2529 1189 2608 λοιμ-

167 2631 284 2697 πιίδων
316 2628 371 2697 καὶ
404 2630 467 2696 ἀπὸ
499 2641 605 2714 τεγῶν
638 2640 791 2697 τοσοῦτοι
822 2632 859 2694 τὸ
889 2633 1020 2713 πλῆθος
1049 2627 1185 2716 ᾔροντο,

168 2737 252 2803 ὥστε
282 2733 429 2823 συναφὲς
457 2732 543 2802 εἶναι
572 2739 685 2803 δοκείν
713 2748 783 2813 τοῖς
809 2738 989 2823 πρόσωθεν
1017 2737 1120 2823 ὁρῶσι
1147 2740 1187 2804 τὸ

133 2849 153 2912 3
168 2841 266 2921 σέλας
284 2841 340 2908 καλ
359 2841 460 2922 δόξαν
476 2841 747 2930 ἐμπιμπραμένης
764 2845 891 2919 πόλεως
907 2854 1098 2929 παρασχεῖν.
1129 2841 1186 2909 καὶ

240 3072 436 3142 4αίρονσιΑ
527 3069 820 3125 δάνασκενόσαοθαι
843 3086 867 3124 ο.
886 3068 977 3126 Cobet
1000 3069 1066 3126 obs.
1086 3089 1115 3140 p.
1136 3076 1188 3126 178
1323 3121 1324 3124 ,

171 3149 202 3198 12
223 3137 254 3197 έκ
272 3150 322 3212 τῆς
339 3145 442 3210 πολλῆς
459 3148 564 3212 τροπῆς
583 3139 624 3196 ἔτι
643 3140 665 3195 0
685 3157 754 3197 corr.
773 3139 919 3212 KIessling
981 3147 1015 3196 18
1033 3141 1102 3210 ὅλην
1121 3142 1189 3197 εδδ.

168 3214 191 3268 Β
283 3220 316 3269 19
339 3211 512 3282 *οτίχεσιΟ
603 3219 635 3266 21
656 3211 760 3267 *νυκτὶ
778 3213 828 3267 καί
846 3211 947 3267 σκότω·
967 3212 1064 3267 δίαιτά
1082 3232 1113 3268 τε
1131 3215 1189 3269 ὑπὸ
1316 3233 1324 3254 ·

169 3283 324 3355 λαμπάδων
342 3284 368 3336 Δ
390 3282 472 3338 νυκτί
490 3282 578 3338 οκότω
601 3283 710 3354 (σκότος
728 3283 787 3354 Bb)
809 3283 937 3340 δίαιτοίτε
955 3285 1112 3410 ηἰηᾳιτᾶται
1130 3284 1190 3352 Bb)

169 3356 224 3412 ὑπὸ
244 3361 266 3410 λ.
280 3354 328 3410 Ba
346 3354 427 3411 νυκτὶ
445 3356 564 3430 σκοταίᾳ
582 3354 627 3409 veI
644 3354 828 3428 οκοταιοτιίτη
843 3372 866 3409 ο.
880 3354 983 3411 Kiess'
1005 3373 1025 3426 g
1043 3355 1126 3410 νυκτὶ
1140 3357 1190 3410 καλ

169 3428 287 3502 σκοταίᾳ
304 3425 393 3499 ταότη
412 3442 465 3494 ego
539 3431 573 3481 22
595 3434 699 3496 στεγῶν
718 3425 883 3481 dubitanter
901 3443 924 3483 ο.
944 3425 1089 3495 Kiessling
1114 3432 1118 3498 Ι
1143 3447 1192 3482 το-

170 3506 270 3553 ιοῦτον
287 3497 366 3552 ABb
390 3501 394 3565 Ι
417 3495 532 3569 ᾔροντο]
552 3493 704 3568 ἐπειρῶντο
723 3499 795 3567 δρᾶν
814 3496 865 3550 ΑΟ
