2674 3978
561 309 723 358 ..z..
1107 307 1234 371 19.

124 463 369 552 Ἀριστόδημον
399 463 454 532 καὶ
486 470 564 544 τοὺς
590 469 711 545 παῖδας
740 468 844 534 αὐτοῦ
871 465 926 532 καὶ
954 469 1015 552 τήν
1043 470 1148 555 άλλην

52 571 329 656 1338συγγένειαν
347 576 570 658 συλλαβόντες
583 575 659 661 άχρι
673 579 798 658 πολλής
810 576 931 651 νυκτὸς
945 576 1149 659 αίκιζόμενοί

126 703 162 744 τε
186 677 242 744 καί
265 681 503 765 στρεβλοῦντες
524 678 581 745 καὶ
598 689 701 745 πᾶσιν
720 680 765 757 ὡς
783 681 889 745 είπείν
908 682 1146 765 λυμαινόμενοι

126 797 242 862 κακοῖς
255 785 459 852 ἀπέκτειναν.
488 785 662 864 ἀνελόντες
681 783 718 851 δὲ
736 787 798 871 τήν
811 787 1015 873 τυραννικήν
1033 787 1175 854 οίκίανό

126 895 324 978 πρόρριζον,
352 893 396 970 ὡς
422 895 503 978 μήτε
529 894 646 958 παιδία
673 895 753 977 μήτε
776 903 935 976 γυναῖκας
957 895 1039 977 μήτε
1063 909 1177 977 συγ-ε

126 996 260 1082 γένειαν
283 1002 430 1083 μηθενὸς
449 999 559 1066 αὐτῶν
577 1003 770 1065 καταλιπεῖν
789 998 845 1066 καί
864 996 908 1066 δι’
929 1000 1008 1084 ὅλης
1025 1001 1145 1077 νυκτὸς

126 1106 274 1182 ἅπαντας
301 1104 595 1190 ἐξερευνησάμενοι
623 1109 702 1183 τοὺς
728 1108 913 1191 συνεργοὺς
939 1115 997 1191 τής
1024 1129 1145 1192 τυραν-

124 1211 221 1288 νίδος
256 1209 380 1297 ἡμέρας
416 1208 595 1296 γενομένης
625 1216 801 1297 προῆλθον
834 1213 881 1288 είς
912 1212 974 1295 τήν
1007 1211 1143 1300 ἀγοράν.

126 1320 238 1384 ἔπειτα
260 1315 521 1400 συγκαλέσαντες
547 1319 606 1382 τὸν
630 1319 737 1402 δήμου
760 1320 808 1395 είς
832 1316 1007 1401 ἐκκλησίαν
1031 1318 1143 1385 ἀποτί-

124 1430 243 1490 θενται
263 1425 302 1489 τά
321 1423 406 1489 ὅπλα
423 1421 479 1489 καί
497 1425 559 1508 τήν
577 1423 716 1510 πάτριον
730 1426 948 1489 καθίστανται
962 1429 1141 1490 πολιτείαν.
1157 1448 1183 1488 10

191 1529 266 1594 XII.
295 1525 368 1594 Ἐπί
395 1538 515 1596 τοῦτον
543 1529 584 1612 δή
612 1530 671 1595 τὸν
691 1525 931 1615 Ἀριστόδημον
961 1531 1033 1607 ἔτος
1056 1530 1142 1614 ὁμοῦ

124 1659 156 1701 τι
179 1634 534 1721 τεσσαρεσκαιδέκατον
556 1637 621 1720 ήδη
640 1644 870 1721 τυραννοῦντα
889 1635 1007 1720 Κύμης
1025 1635 1061 1702 οί
1077 1639 1141 1701 σὺν

129 1746 304 1832 Ταρκυνίῳ
318 1743 465 1827 φυγάδες
477 1742 717 1826 καθιστάμενοι
731 1742 792 1824 τήν
805 1742 888 1807 κατά
906 1750 965 1825 τής
984 1744 1142 1829 πατρίδος

124 1849 305 1935 ἐβούλοντο
333 1846 595 1914 συντελέσασθαι
623 1849 727 1932 δίκην.
766 1847 802 1914 οί
827 1844 864 1912 δὲ
891 1847 1047 1934 πρέσβεις
1073 1861 1141 1915 τῶν

97 1954 288 2042 ,Ῥωμαίων
321 1954 402 2032 τέως
433 1952 495 2041 μὲν
527 1952 721 2038 ἀντέλεγον,
754 1954 799 2031 ὡς
831 1950 900 2019 οὔτ’
933 1953 987 2020 ἐπὶ
1020 1965 1140 2022 τοῦτον
1155 1975 1184 2017 ιε

121 2064 260 2147 ήκοντες
280 2065 340 2129 τὸν
362 2061 476 2146 ἀγῶνα
494 2059 565 2128 οὔτ’
587 2059 741 2139 ἐξουσίαν
762 2061 903 2147 ἔχοντες,
925 2061 968 2145 ήν
987 2062 1049 2127 οὐκ
1068 2061 1139 2128 ἐπέ-

121 2181 243 2256 τρεψεν
262 2169 376 2246 αὐτοῖς
393 2169 413 2253 ή
433 2169 538 2254 βουλή
557 2165 633 2255 περὶ
646 2176 704 2251 τής
720 2170 847 2244 πόλεως
865 2166 1140 2253 ἀπολογήσασθαι

124 2277 259 2360 [δίκην].
296 2275 340 2350 ὡς
363 2270 393 2339 δ’
416 2271 522 2340 οὐθὲν
546 2272 732 2359 ἐπέραινον,
755 2271 827 2339 ἀλλ’
852 2272 1060 2357 ἐγκεκλικότα
1079 2270 1176 2342 τὸν2

121 2383 289 2469 τύραννον
318 2379 431 2468 ἑώρων
461 2379 515 2447 ἐπὶ
540 2381 666 2468 θάτερα
698 2378 781 2467 μέρη
814 2381 871 2445 διὰ
902 2381 960 2458 τὰς
992 2382 1139 2460 σπουδάς

121 2486 177 2554 καὶ
193 2489 254 2565 τάς
265 2490 485 2574 παρακλήσεις
503 2498 571 2553 τῶν
588 2488 762 2574 φυγάδων,
781 2487 994 2572 αἰτησάμενοι
1012 2491 1136 2575 χρόνον
1152 2509 1181 2549 νο

56 2598 170 2673 1339είς
188 2594 384 2679 ἀπολογίαν,
401 2592 456 2660 καὶ
476 2596 731 2678 διεγγυήσαντες
748 2594 788 2659 τά
807 2595 941 2680 σώματα
960 2596 1138 2681 χρημάτων

122 2701 158 2766 ἐν
180 2710 226 2788 τῷ
250 2701 306 2766 διὰ
329 2698 432 2785 μέσον
459 2709 518 2784 τής
546 2701 639 2784 δίκης
666 2700 810 2778 οὐθενὸς
837 2703 886 2766 ότι
913 2701 1138 2785 φυλάττοντος

120 2809 243 2885 αὐτοὺς
266 2806 469 2893 ἀποδράντες
492 2805 627 2895 ςόχοντο.
664 2808 873 2892 θεράποντας
896 2803 926 2871 δ’
949 2803 1137 2871 αὐτῶνκαὶ

118 2917 159 2980 τά
186 2915 348 2998 ὑποζύγια
375 2911 431 2979 καὶ
458 2914 498 2979 τὰ
529 2911 582 2979 ἐπὶ
609 2921 648 2998 τή
672 2914 809 3000 σιτωνίᾳ
831 2908 1034 2997 κομισθέντα
1056 2913 1135 2995 χρή-

119 3045 205 3105 ματα
228 3021 246 3087 ὁ
270 3021 435 3106 τύραννος
457 3017 601 3105 κατέσχε.
637 3021 771 3096 ταύταις
794 3015 855 3103 μὲν
878 3011 940 3084 οὖν
963 3029 1035 3094 ταῖς
1056 2998 1174 3114 πρε-ξ)ὅ

119 3130 246 3212 σβείαις
267 3137 404 3193 τοιαῦτα
422 3128 609 3203 παθούσαις
633 3125 811 3211 ἀπράκτοις
829 3121 1031 3211 άναστρέψαι
1054 3139 1134 3192 συν-

190 3360 223 3410 17
243 3352 520 3428 όιπολογ<η>οασθαι
537 3354 584 3409 Bb
603 3354 808 3422 ἀπολογεῖσθαι
826 3353 852 3406 R
925 3358 958 3406 18
977 3354 1060 3420 δίκην
1078 3351 1132 3407 del.

117 3426 220 3482 Reiske
314 3433 346 3480 19
370 3425 480 3496 θάτερα
503 3423 536 3495 μό
554 3425 614 3494 ηΒ
641 3423 751 3495 θάτερα
773 3423 809 3478 τὰ
827 3422 861 3493 με’
879 3444 896 3493 η
915 3423 941 3477 R
1030 3427 1065 3477 20
1083 3422 1133 3476 καὶ

116 3495 164 3560 τὰς
181 3496 373 3623 παρακλήσεις
391 3496 413 3549 Β
432 3496 481 3551 κοιλ
498 3447 571 3552 πρΗ
656 3501 691 3550 24
710 3495 838 3550 σιτανίον
856 3445 904 3550 δε
988 3499 1022 3548 26
1041 3491 1133 3562 ἀπρά-

116 3589 196 3633 κτους

934 3653 968 3706 2*
