2674 3978
479 946 865 1024 ΔΙΟΝΥΣΙΟΤ

525 1119 823 1174 ωαιεαεεααπ
899 1101 904 1110 ’

368 1261 610 1328 mmmm
631 1219 969 1348 ΑΡΧΑΙοΛοΓιΑΣ

502 1422 631 1473 αοεοπ
648 1399 831 1474 amomon.

590 1584 751 1592 --—-—-

86 1742 109 1794 p.
126 1731 196 1780 1307
253 1709 353 1774 Τίτου
377 1703 414 1772 δέ
438 1708 603 1789 Γεγανίου
626 1708 823 1791 Μακερίνου
845 1702 900 1771 καὶ
924 1708 1079 1772 Ποπλίου
1102 1709 1179 1789 Μη-
1257 1773 1262 1782 ,

151 1818 279 1883 νυκίου
302 1814 363 1898 τὴν
385 1812 513 1878 ὕπατον
532 1810 686 1890 ἐξουσίαν
704 1815 965 1908 παραλαβόντων
985 1814 1079 1878 σίτου
1099 1812 1180 1877 σπαί-

152 1948 207 2000 νις
245 1919 364 2006 ίσχυρα
396 1920 458 2003 την
480 1915 608 2003 Ῥώμην
637 1916 794 2002 κατέσχεν
822 1917 858 1983 έκ
884 1925 941 2002 της
969 1917 1180 1997 ἀποστάσεως
1246 1907 1249 1914 ’
1293 1943 1297 1952 ·

154 2033 309 2114 λαβοῦσα
341 2026 403 2109 την
436 2023 551 2111 ἀρχήν.
601 2025 620 2090 ὁ
648 2020 709 2109 μέν
739 2025 802 2110 γὰρ
831 2027 935 2110 δῆμος
962 2023 1084 2108 ἀπέστη
1112 2037 1179 2090 τῶν

154 2136 342 2221 πατρικίων
365 2133 445 2217 μετὰ
469 2133 529 2216 την
554 2132 784 2217 μετοπωρινὴν
809 2132 982 2218 ίσημερίαν
1000 2129 1056 2196 ὑπ’
1075 2131 1179 2216 αὐτην
1206 2149 1220 2190 τ

70 2264 74 2273 ·
93 2243 301 2328 1308μοίλιστα
320 2241 381 2323 τὴν
399 2239 505 2326 ἀρχὴν
524 2247 584 2304 τοῦ
604 2241 745 2324 σπόρου·
767 2235 917 2316 ἐξέλιπον
936 2235 974 2303 δέ
991 2225 1179 2325 τηνχώραν
1307 2221 1311 2228 ’

155 2350 191 2416 οί
216 2354 446 2433 μεωργοῦντες
473 2346 540 2430 ἅμα
568 2353 607 2430 τη
632 2331 762 2429 κινήσει
784 2341 838 2410 καὶ
863 2341 1039 2428 διέστησαν
1063 2345 1098 2411 οί
1118 2341 1179 2431 μὲν

155 2451 385 2541 εὐχερέστεροι
408 2453 491 2537 πρὸς
513 2453 592 2528 τοὺς
615 2453 817 2537 πατρικίους,
840 2453 878 2517 τὸ
903 2448 940 2516 δὲ
961 2453 1102 2535 θητικὸν
1124 2450 1180 2537 μέ-

155 2587 217 2650 ρος
250 2561 295 2637 ὡς
325 2561 404 2635 τοὺς
436 2558 649 2642 δημοτικούς·
677 2556 747 2623 Ικαλ
781 2555 950 2643 διέμειναν
984 2556 1016 2636 ἐξ
1050 2558 1179 2624 ἐκείνου

155 2665 260 2754 χωρὶς
282 2665 436 2748 ἀλλήλοιν
460 2665 563 2747 ὄντες,
587 2662 649 2741 ἕως
673 2659 715 2729 οὗ
737 2662 874 2749 κατέστη
893 2662 948 2730 καὶ
969 2668 1140 2747 συνῆλθεν
1158 2663 1178 2746 η
1194 2681 1220 2719 1⁰

71 2776 75 2791 '
156 2778 256 2850 πόλις
283 2773 330 2848 είς
356 2769 476 2855 ἑαυτὴν
500 2771 541 2837 οὐ
564 2775 676 2860 πολλῷ
699 2774 862 2858 πρότερον
886 2773 1099 2852 διαλλαγεῖσα
1122 2777 1180 2852 της

232 2943 418 3019 ΔιοΝγοόγ
449 2944 678 3020 ονκυολοιιλ(
713 2951 742 3018 Ζ·
771 2965 793 3018 Α
827 2941 1016 3018 Διοαγτίογ
1049 2959 1181 3017 νεκυο-

234 3145 248 3193 1
273 3069 435 3210 Κῗιμερίνου
454 3139 479 3192 Α
501 3142 645 3212 Καμερίαν
664 3141 687 3194 Β
709 3141 876 3209 Μακερίνου
895 3156 918 3193 ο.
939 3138 1070 3230 Sigonius
1091 3142 1096 3210 Ι
1115 3144 1182 3210 Μη-
1251 3173 1253 3177 -

161 3211 262 3266 ννκίου
282 3227 317 3264 ex
335 3212 479 3265 Μινυκίου
499 3213 545 3266 Bb
607 3217 623 3265 3
643 3212 816 3274 ἀποστασίας
836 3210 858 3265 O
878 3211 1056 3274 αποστασεας
1074 3227 1097 3265 ο.
1118 3211 1182 3265 sin·

161 3280 235 3336 *anis
255 3280 316 3336 Em.
336 3281 417 3337 Dion.
436 3282 477 3335 HI
496 3289 512 3336 2
582 3287 597 3336 6
622 3283 687 3354 περὶ
706 3282 728 3334 Β
747 3282 816 3352 μετὰ
834 3282 860 3335 Β
925 3289 939 3337 7
963 3280 1112 3352 διέστησαν
1131 3281 1185 3336 BC

162 3350 332 3422 μετέστησαν
351 3353 377 3405 Β
431 3359 447 3407 8
466 3351 693 3425 εὐχερέστεροιΟ
713 3351 903 3426 εὐμενέστεροι
916 3352 991 3422 Omg
1026 3351 1182 3424 αριέστεροι

163 3439 186 3478 ο.
206 3423 331 3478 Sintenis
350 3424 410 3478 Em.
430 3424 511 3480 Dion.
526 3425 553 3478 Π
572 3432 605 3479 31
663 3431 696 3480 10
716 3421 766 3488 ἕως
785 3421 818 3480 οὗ
838 3425 861 3480 Ο
880 3425 914 3481 cf.
930 3425 972 3482 Fr.
1030 3425 1079 3479 ebs
1098 3424 1182 3478 Prae·

163 3494 368 3562 positionsadm
388 3495 416 3549 11
434 3513 462 3565 p.
478 3501 519 3551 15.
540 3501 582 3551 16.

221 3594 323 3636 mons.
338 3594 404 3635 Eu.
418 3595 463 3635 m
478 3605 525 3646 πο.
539 3595 642 3638 σεοοετ.
1008 3588 1022 3635 1
