2656 3974
538 273 705 324 -Θ-
1065 271 1131 340 309

112 435 246 518 χωρίων
265 434 409 520 νύκτωρ,
427 432 481 499 καλ
500 431 606 520 ἕτεροι
624 433 682 510 τὰς
698 432 913 519 ὑπερδεξίους
926 444 994 499 τῶν
1007 437 1133 502 πεδίων

113 539 424 624 καταλαμβάνονται
452 539 604 617 σκοπιάς·
632 547 672 625 τῆ
701 536 733 604 δ’
760 538 833 624 ἑξῆς
858 539 965 628 ἡμέρα
987 541 1133 628 προπέμ-

113 656 237 724 ψαντες
261 646 396 731 ὀλίγους
417 648 510 724 τινας
532 645 706 730 ἐνόπλους,
729 647 775 724 ὡς
797 647 839 732 δῆ
862 652 1014 733 φυλακῆς
1037 647 1133 715 ἕνεκα

113 762 182 818 τῶν
209 750 357 837 νομέων,
384 750 519 838 ἀφῆκαν
546 751 583 818 έκ
609 762 676 818 τῶν
701 757 834 840 χωρίων
855 755 981 833 πολλάς
1004 753 1132 840 ἀγέλας.

113 860 161 936 ὡς
184 852 214 924 δ’
236 857 402 944 ἀπηγγέλη
426 871 495 938 τοῖς
518 862 670 943 Φαβίοις,
693 859 744 925 ὅτι
767 863 845 938 τοὺς
867 864 1011 946 πλησίον
1031 846 1173 962 ὑπερ-35

113 967 274 1050 βαλόντες
295 969 422 1051 λόφους
439 965 477 1032 ἐν
496 967 598 1055 ὀλίγῳ
618 968 660 1051 δή
679 989 746 1032 τινι
765 969 875 1058 χρόνῳ
894 970 1016 1053 μεστὸν
1034 969 1132 1056 εὑρῆ-

113 1089 213 1140 σουσι
230 1074 267 1138 τὸ
285 1075 404 1138 πεδίον
422 1075 590 1139 παντοίων
608 1075 730 1158 βοτῶν,
748 1071 803 1138 καλ
822 1074 883 1157 τῆν
897 1074 1133 1158 φυλάττουσαν

112 1179 198 1245 αύτδι
220 1189 314 1265 χεῖρα
337 1179 398 1265 οὐχ
422 1180 553 1264 ίιιανῆν,
575 1177 718 1263 ἐξῆλθον
741 1176 778 1244 ἐκ
799 1189 861 1245 τοῦ
883 1184 1049 1267 φρουρίου
1068 1206 1132 1266 φυ-

110 1287 218 1370 λακῆν
236 1288 297 1370 τῆν
315 1284 485 1372 ἀρκοῦσαν
504 1285 542 1352 ἐν
561 1286 649 1374 αύτῷ
669 1288 920 1363 καταλιπόντες·
944 1284 999 1352 καὶ
1018 1287 1132 1354 διανύ-

112 1410 232 1470 σαντες
260 1395 389 1478 σπουδῆ
417 1391 472 1459 καὶ
495 1394 575 1477 μετά
598 1395 789 1480 προθυμίας
811 1393 872 1478 τῆν
895 1392 977 1460 ὁδὸν
1002 1391 1131 1478 έπιφαί-
1146 1419 1172 1458 10

111 1501 231 1566 νονται
262 1510 332 1576 τοῖς
364 1499 487 1584 φύλαξι
518 1511 586 1566 τῶν
613 1499 833 1585 βοσκημάτων
861 1500 1131 1584 συντεταγμένοι·

112 1604 262 1701 κάκεῖνοι
286 1605 328 1670 ού
351 1605 525 1691 δεξάμενοι
549 1606 671 1683 αὐτοὺς
693 1608 846 1691 ἔφευγον.
882 1608 919 1672 οί
939 1603 975 1673 δέ
997 1606 1133 1692 Φάβιοι,
1189 1600 1199 1622 ‘

113 1713 162 1788 ὡς
183 1710 221 1778 έν
243 1709 389 1798 ἀσφαλεῖ
409 1714 450 1797 δῆ
471 1715 575 1797 ὄντες,
599 1714 676 1791 τούς
694 1737 729 1780 τε
746 1725 861 1800 νομεῖς
878 1715 1133 1799 συνελάμβανον

43 1815 171 1886 τινικαὶ
194 1818 233 1883 τά
256 1820 447 1903 βοσκῆματα
470 1821 703 1906 περιήλαυνον.
740 1818 777 1885 ἐν
801 1816 838 1886 δέ
861 1823 968 1910 τούτῳ
991 1823 1027 1888 οί
1048 1824 1169 1908 Τυρ·4
1267 1849 1272 1854 ·

13 1989 14 1992 ,
112 1921 213 2010 ρηνοὶ
244 1923 281 1990 ἐκ
309 1933 367 2009 τῆς
394 1923 531 2011 ἐνέδρας
558 1924 757 2004 ἀναστάντες
784 1929 866 1993 κατά
894 1921 1001 1995 πολλά
1028 1931 1132 2014 χωρία
1147 1949 1172 1991 15

111 2034 379 2118 προσπίπτουσιν
398 2032 513 2110 αὐτοῖς
530 2035 750 2118 πανταχόθεν.
783 2031 839 2099 καὶ
863 2033 898 2099 οί
917 2029 979 2118 μὲν
997 2037 1133 2112 πλείους

13 2211 14 2214 ¹
112 2149 182 2204 τῶν
201 2135 370 2223 Ῥωμαίων
392 2138 629 2225 ἐσκεδασμένοι
651 2138 707 2207 καὶ
730 2139 886 2224 ἀλληλοις
908 2140 1048 2227 ἀμύνειν
1071 2140 1132 2228 οὐχ

113 2236 185 2310 οἷοί
213 2241 241 2310 τ’
275 2246 382 2330 όντες,
419 2241 555 2313 ἐνταῦθ’
588 2245 802 2313 ἀπόλλυνται.
854 2246 928 2313 ὅσοι
961 2245 991 2312 δ’
1021 2247 1133 2315 αὐτῶν

114 2354 352 2435 συνεστηκότες
387 2347 473 2437 ἦσαν
509 2355 790 2441 προθυμούμενοί
818 2377 850 2418 τι
886 2353 1133 2440 καταλαβέσθαι

113 2459 240 2544 χωρίον
257 2455 403 2544 ἀσφαλές
420 2458 476 2525 καλ
494 2462 577 2547 πρὸς
595 2461 636 2525 τά
655 2462 716 2545 όρη
736 2461 937 2539 σπεύδοντες
956 2463 1003 2539 είς
1019 2461 1132 2549 ἕτερον
1147 2485 1174 2524 ω

114 2565 314 2650 ἐμπίπτουσι
336 2567 438 2652 λόχον
460 2565 498 2632 ἐν
521 2567 617 2644 ὕλαις
639 2564 695 2631 καὶ
718 2567 840 2646 νάπαις
860 2561 1132 2653 ύποκαθῆμενον.

112 2670 169 2737 καὶ
187 2673 314 2755 γίνεται
333 2669 443 2738 αὐτῶν
462 2672 548 2757 μάχη
566 2673 708 2758 καρτερὰ
726 2670 782 2737 καί
800 2676 906 2758 φόνος
921 2672 953 2752 έξ
969 2671 1133 2760 ἑκατέρων

112 2779 227 2856 πολύς.
265 2775 458 2844 ἀπεώσαντο
482 2775 511 2842 δ’
536 2772 599 2844 οὖν
621 2776 677 2843 καὶ
700 2779 839 2857 τούτους
857 2780 957 2865 ὅμως,
979 2778 1035 2846 καὶ
1052 2785 1133 2863 πλη-

113 2887 281 2971 ρώσαντες
307 2885 370 2967 τῆν
396 2885 552 2971 φάραγγα
579 2894 707 2968 νεκρῶν
736 2883 926 2973 ἀνέδραμον
950 2885 1002 2952 ἐπί
1026 2889 1133 2972 λόφον

113 2992 155 3058 ού
183 2987 304 3078 ῥᾴδιον
332 2989 470 3057 ἁλῶναι·
502 2991 540 3058 ἐν
568 2984 594 3080 ᾧ
619 2991 680 3074 τῆν
703 2990 863 3059 ἐπιοῦσαν
886 2994 990 3058 νύκτα
1013 2993 1133 3079 άποροι
1147 3017 1173 3058 25

112 3109 182 3164 τῶν
205 3096 397 3181 ἀναγκαίων
419 3097 610 3182 ηὐλίσαντο.

185 3260 202 3308 2
223 3253 331 3316 σκοπάς
344 3253 368 3309 0
384 3285 416 3294 -
432 3255 551 3318 σκοπιὰς
564 3255 667 3310 Suidas
683 3273 705 3310 s.
714 3275 741 3311 v.
756 3257 874 3310 σκοπιαί
881 3287 915 3296 -
930 3271 999 3312 corr.
1010 3254 1130 3328 Reiskel

112 3323 351 3397 προσπέμψαντος
369 3324 416 3378 Ba
523 3332 541 3380 4
564 3321 594 3381 ἐκ
613 3334 669 3381 τῶν
688 3328 832 3397 φρουρίων
852 3325 875 3380 O
899 3322 1005 3381 ἐκτῶν
1023 3329 1133 3396 χωρίων

113 3397 190 3466 Omg
213 3397 243 3451 ελ
262 3394 387 3450 Sintenis
406 3394 467 3452 Em.
486 3396 568 3453 Dion.
587 3397 627 3451 111
646 3403 680 3453 15
770 3405 786 3452 5
810 3395 977 3468 ἀπηγγέλθη
1001 3414 1024 3452 ο.
1044 3397 1133 3453 Cobet

114 3469 181 3524 obs.
222 3473 295 3522 ,175
364 3469 493 3522 θαύτῶν
511 3467 558 3523 Ba
576 3467 645 3523 αύτδ
663 3468 689 3522 R
762 3475 795 3524 16
814 3469 911 3532 αὐτοῖς
929 3469 1025 3525 om.B
1098 3474 1133 3524 23

114 3539 189 3610 ὅμως
236 3555 254 3592 ε
273 3537 356 3608 ὁμόσε
376 3537 451 3592 ABb
523 3543 559 3592 24
578 3539 711 3610 φάλαγγα
730 3540 753 3595 0
772 3557 841 3595 corr.
858 3540 979 3610 Sylburg
