2674 3978
164 178 207 242 36
588 177 749 226 -Ζ-

164 339 400 423 προεστηκότες
422 334 525 401 αὐτοῦ
547 336 717 421 πρόφασιν
740 333 885 421 εὐπρεπῆ
913 335 1182 420 προβαλλόμενοι
1228 325 1234 330 ’

164 446 202 510 τὸ
225 445 267 526 δὴ
291 453 360 520 τοῖς
377 438 610 526 ἀδικουμένοις
631 450 699 506 τῶν
718 441 871 526 δημοτῶν
889 445 1031 526 βοηθεῖν
1050 440 1106 504 διὰ
1124 447 1183 522 τῆς

166 549 317 628 ἐξουσίας
343 549 464 632 ταύτης
491 549 596 632 ἀγωσι
627 544 682 612 καὶ
713 544 877 633 φέρωσιν,
910 543 961 611 όσ’
996 545 1039 612 ἀν
1071 546 1184 623 αὐτοῖς

167 658 265 742 δοκῇ,
292 653 347 721 καὶ
375 652 494 739 μηθεὶς
521 653 539 720 ὁ
567 653 730 720 κωλύσων
757 654 814 731 τδς
842 657 1050 739 παρανομίας
1072 652 1183 718 αὐτῶν

139 755 205 849 τῇ,
233 759 307 847 μήτ’
335 762 470 844 ἰδιώτης
498 755 570 844 μήτ’
598 760 710 845 ἀρχων
733 760 892 837 δεδοικὼς
917 761 977 824 τὸν
998 761 1119 843 νόμον,
1147 758 1184 836 ὃς

166 868 357 955 ἀφαιρεῖται
375 865 430 932 καὶ
449 857 509 932 τὸν
523 868 626 948 λόγον
639 865 734 950 ἡμῶν
748 867 815 950 ἅμα
828 876 898 943 τοῖς
911 867 1021 951 ἔργοις
1033 865 1184 930 θάνατον
1324 937 1325 948 ρ

167 971 327 1050 ἐπιτιθεὶς
360 975 477 1058 ζημίαν
509 982 578 1049 τοῖς
610 969 792 1058 ἐλευθέραν
823 974 942 1058 φωνὴν
974 970 1119 1055 ἀφιεῖσι,
1150 973 1188 1035 τί
1324 959 1325 1010 ³

167 1088 333 1167 προσῆκεν
356 1081 463 1163 ὄνομα
485 1075 611 1143 θέσθαι
629 1087 669 1163 τῇ
688 1079 867 1165 δυναστείᾳ
884 1077 986 1162 ταύτῃ
1004 1079 1082 1153 τοὺς
1099 1085 1185 1143 νοῦν
1324 1061 1325 1070 ¹

169 1187 304 1271 ἔχοντας
321 1183 446 1271 ἕτερον,
464 1183 485 1268 ἢ
504 1181 616 1268 τοῦθ’,
640 1184 720 1270 ὅπερ
739 1181 830 1249 ἐστὶν
847 1183 977 1268 ἀληθὴς
995 1180 1050 1250 καὶ
1066 1183 1186 1260 πάντες

128 1310 155 1350 ιο
168 1291 219 1356 ἀν’
238 1291 475 1375 ὁμολογήσετε,
501 1291 699 1376 τυραννίδας
735 1291 768 1354 εί
794 1286 825 1354 δ’
850 1288 913 1374 οὐχ
939 1285 999 1374 ὑφ’
1026 1286 1101 1368 ἑνὸς
1126 1288 1186 1354 ἀν-

56 1399 58 1402 ”
169 1398 264 1482 δρός,
291 1394 364 1462 ἀλλ’
394 1393 452 1482 ὑφ’
481 1397 562 1462 όλου
589 1397 848 1482 τυραννούμεθα
875 1396 999 1480 δύμον,
1027 1398 1063 1461 τί
1086 1403 1185 1461 τοῦτο

134 1500 335 1587 3διαφέρει;
364 1504 400 1567 τὸ
429 1502 492 1587 γὰρ
524 1503 623 1587 ἔργον
650 1493 684 1578 έξ
708 1499 835 1586 ἀμφοῖν
857 1499 967 1566 ταύτό.
1008 1501 1187 1588 κράτιστον

170 1604 231 1692 μέν
254 1601 317 1673 οὖν
335 1603 378 1691 ἦν
397 1603 481 1691 μηδὲ
498 1609 535 1673 τὸ
555 1603 683 1693 σπέρμα
701 1615 759 1690 της
781 1605 931 1685 ἐξουσίας
954 1607 1074 1691 ταύτης
1092 1606 1187 1673 έᾶσαι

170 1715 476 1798 καταβαλλόμενον,
500 1711 584 1778 ἀλλδι
606 1713 713 1778 πάντα
736 1713 913 1797 ὑπομεῖναι
935 1715 1115 1799 πρότερον,
1143 1713 1188 1791 ὡς
1324 1775 1325 1794 ,

131 1838 156 1879 15
164 1819 301 1896 ’Ἁππιος
331 1819 350 1885 ὁ
373 1816 541 1904 βέλτιστος
564 1817 600 1884 ἐκ
622 1824 750 1885 πολλοῦ
772 1819 814 1883 τδι
837 1819 931 1884 δεινὰ
954 1821 1205 1905 προορώμενοςΙ
1324 1797 1325 1886 δ

170 1926 282 2012 ἠξίου,
310 1927 341 1990 εί
367 1922 405 1990 δὲ
428 1928 490 2016 μή,
518 1934 583 1991 νῦν
605 1923 636 2009 γ’
663 1925 882 2010 ὁμοθυμαδὸν
906 1926 1052 2002 ἅπαντας
1075 1923 1187 2011 έξορύ-

172 2031 289 2111 ξαντας
312 2031 417 2114 αὐτὴν
440 2034 618 2118 πρόρριζον
642 2030 678 2098 ἐκ
700 2041 758 2116 τῆς
781 2034 909 2109 πόλεως
932 2031 1099 2117 ἐκβαλεῖν,
1127 2031 1264 2109 ἕως1364
1324 2033 1325 2056 ἢ

136 2137 318 2221 4ἀσθενής
345 2135 414 2202 έστι
441 2134 497 2202 καὶ
524 2142 843 2224 προσπολεμηθῆναι
870 2137 977 2225 ῥᾳδία.
1013 2135 1069 2204 καὶ
1096 2135 1185 2204 τοῦτ’

172 2243 213 2308 ού
235 2245 378 2330 πρώτοις
400 2243 493 2328 ημῖν,
516 2239 542 2308 ὦ
566 2246 684 2328 βουλή,
707 2240 787 2310 οὐδὲ
810 2246 926 2328 μόνοις
943 2242 1109 2328 ἐξεγένετο
1127 2265 1189 2308 πα-

132 2369 158 2407 20
172 2355 261 2434 θεῖν,
284 2354 422 2426 πολλοῖς
440 2345 478 2413 δὲ
496 2347 551 2414 καὶ
571 2351 730 2426 πολλάκις
747 2350 811 2433 ἤδη
830 2359 899 2426 τοῖς
917 2351 963 2426 είς
982 2349 1191 2435 ἀβουλήτους
1324 2339 1325 2342 ¹

172 2453 317 2538 ἀνάγκας
335 2463 514 2519 καταστᾶσι
532 2456 666 2540 γνώμης
685 2453 868 2541 ἁμαρτοῦσι
886 2464 943 2539 τῆς
961 2454 1096 2542 ἀρίστης
1113 2453 1190 2542 περὶ

171 2561 211 2625 τὰ
230 2557 379 2645 μέγιστα,
399 2559 511 2642 ἐπειδὴ
531 2561 588 2636 τδις
605 2560 708 2647 ἀρχὰς
726 2561 787 2627 οὐκ
807 2559 977 2628 έκόνλνσαν
994 2572 1055 2628 τοῦ
1073 2571 1190 2647 κακοῦ,

172 2668 229 2744 τοῖς
251 2665 405 2751 αὐξήσεις
423 2672 603 2752 πειρᾶσθαι
620 2672 809 2753 καθαιρεῖν·
832 2664 887 2732 καὶ
906 2668 927 2751 ἡ
948 2668 1104 2752 μετοίνοια
1122 2679 1191 2734 τῶν

174 2770 236 2852 ὀψέ
258 2771 454 2860 ἀρχομένων
479 2784 667 2860 σωφρονεῖν
690 2774 797 2856 ἥττων
824 2769 909 2840 οὖσα
935 2782 993 2858 τῆς
1020 2778 1191 2859 προνοίας,
1324 2843 1325 2860 2

135 2895 160 2936 25
173 2877 250 2945 καθ’
279 2879 393 2966 ἕτερον
421 2875 463 2945 αὖ
493 2883 618 2965 τρόπον
645 2879 686 2946 οὐ
713 2883 834 2966 χείρων
862 2875 946 2945 οὖσα
973 2879 1192 2966 ἀναφαίνεται

173 2995 213 3071 τη
244 2987 388 3053 κωλύσει
424 2995 484 3052 τοῦ
515 2984 632 3063 τέλους
662 2985 868 3070 ἀφανίζουσα
898 2987 936 3051 τὸ
970 2985 1006 3052 έν
1036 2995 1076 3072 τη
1106 2984 1191 3073 ἀρχῇ
1324 3045 1325 3052 ,

175 3088 355 3174 ἀγνοηθέν.
744 3091 745 3094 ’

248 3279 530 3353 6ἀφ<αι>ρεῖταιΒ
603 3287 618 3335 ’ῖ
639 3277 794 3352 ἐλευθέραν
813 3281 951 3352 φωνὴνῦ
980 3277 1002 3339 έ.
1021 3282 1072 3352 τὴν
1092 3282 1193 3351 φωνὴν
1224 3308 1228 3318 ·

176 3351 202 3404 R
293 3357 326 3405 10
345 3352 565 3422 ἀνομολόγησετε
583 3353 608 3405 A
627 3351 663 3406 ἀν
683 3352 907 3426 δμολογήσετ<ε>
925 3353 949 3406 Β
1040 3359 1069 3407 11
1091 3353 1193 3408 τούτου

178 3423 355 3476 ΑΒωτούτο
374 3423 420 3477 Bb
494 3428 527 3478 12
547 3423 607 3478 *ιδ
627 3423 737 3479 αότδΟ
1324 3431 1325 3440 ’
