2674 3978
143 281 163 345 6
569 233 906 357 ..z-s

142 435 271 510 πολλοῦ
303 439 492 508 διετέλεσαν
524 440 589 508 άπὸ
617 452 684 507 τῶν
713 441 885 527 στομάτων
912 423 1164 527 ἀναχωροῦντες
1253 461 1255 465 ·

106 547 197 616 4ἐπλ
224 549 282 626 τάς
309 547 423 633 πηγάς.
469 557 568 614 τούτο
596 551 845 634 καταμαθόντες
868 548 904 614 οί
923 551 1071 633 Κυμαῖοι
1094 545 1159 614 τότ’
1168 567 1234 618 1318

144 656 337 742 ἐθάρρησαν
366 655 466 740 ὁμόσε
494 665 564 732 τοῖς
590 653 772 741 βαρβάροις
796 667 918 742 χωρεῖν
941 655 986 733 ὡς
1008 666 1069 722 τού
1092 657 1165 722 δαιε

137 765 265 848 μονίου
284 763 422 832 ταπεινά
440 757 501 846 μὲν
519 760 680 827 τάκείνων
697 759 844 847 μετέωρα
857 764 1033 847 θήσοντος,
1052 762 1165 847 ὑψηλά

117 865 182 934 εδδ
204 869 244 934 τδι
268 870 432 935 δοκοῦντα
453 863 541 934 εἶναι
560 879 657 953 σφῶν
674 869 821 935 ταπεινά.
857 871 1028 953 νείμαντες
1047 865 1085 934 δὲ
1102 871 1165 953 τὴν
1285 913 1287 916 -

144 975 181 1041 ἐν
208 974 295 1060 ἀκμῇ
324 975 468 1062 δύναμιν
496 975 628 1042 άπασαν
656 984 767 1063 τριχῇ,
799 984 859 1062 μιᾷ
886 971 949 1059 μὲν
975 977 1038 1059 τὴν
1064 979 1164 1041 πόλιν

144 1080 346 1168 ἐφρούρουν,
368 1090 408 1166 τῇ
432 1075 463 1148 δ’
486 1078 581 1170 ἑτέρᾳ
603 1083 660 1159 τὰς
682 1090 765 1158 ναῦς
787 1077 879 1169 εἶχον
901 1081 938 1147 ἐν
957 1086 1101 1168 φυλακῇ,
1123 1089 1163 1166 τῇ
1249 1069 1251 1072 ’
1321 1073 1325 1084 ’

144 1184 182 1252 δὲ
204 1189 297 1274 τρίτη
320 1190 385 1273 πρὸ
406 1198 467 1254 τοῦ
486 1191 616 1275 τείχους
633 1187 809 1272 ταξάμενοι
827 1190 905 1265 τοὺς
924 1186 1077 1265 ἐπιόντας
1095 1185 1165 1253 ε’δέ-

143 1316 252 1379 χοντο.
298 1294 428 1361 τούτων
456 1295 565 1373 ίππείς
592 1291 653 1381 μὲν
681 1289 767 1380 ἦσαν
796 1292 978 1379 ἑξακόσιοι,
1009 1292 1100 1373 πεζοὶ
1128 1290 1166 1359 δὲ
1195 1307 1198 1314 “

14 1433 15 1436 “
104 1427 130 1465 10
144 1404 397 1487 τετρακισχίλιοι
424 1400 480 1468 καὶ
508 1406 732 1468 πεντακόσιοι·
770 1399 826 1466 καὶ
853 1402 960 1480 οὕτως
987 1403 1080 1478 όντες
1106 1403 1165 1466 τὸν

144 1505 291 1593 ἀριθμόν
315 1508 433 1592 ὀλίγοι
445 1509 503 1586 τάς
524 1509 686 1586 τοσαύτας
707 1506 897 1590 ὑπέστησαν
920 1507 1092 1592 μυριάδας.
1138 1557 1142 1565 .

211 1613 286 1679 IIII.
305 1611 362 1692 Ὡς
381 1611 418 1680 δὲ
436 1613 626 1699 κατέμαθον
640 1614 761 1691 αύτούς
775 1613 810 1678 οί
822 1614 985 1699 βάρβαροι
999 1613 1165 1698 μάχεσθαι

143 1711 489 1807 παρεσκευασμένους,
525 1718 746 1799 ἀλαλάξαντες
782 1717 931 1804 ἐχώρουν
953 1719 1069 1803 Ιὁμόσε
1104 1721 1164 1785 τὸν

145 1826 316 1911 βάρβαρον
348 1830 473 1909 τρόπον
506 1827 587 1892 άυευ
619 1828 746 1910 κόσμου
778 1826 872 1903 πεζοί
901 1847 935 1890 τε
967 1823 1024 1890 καὶ
1057 1825 1165 1903 ίππείς

105 1958 130 1999 15
144 1930 263 2018 άναμλξ
288 1933 333 2010 ὡς
355 1934 501 2010 ἅπαντας
523 1932 801 2017 ἀναρπασόμενοι.
837 1925 880 2015 ἦν
904 1927 941 1996 δὲ
964 1933 1002 2013 τὸ
1024 1933 1165 2019 πρὸτῆς

144 2040 272 2114 πόλεως
290 2041 427 2123 χωρίον,
450 2036 487 2103 ἐν
506 2030 532 2127 ᾧ
552 2036 755 2121 συνέμισγον
773 2035 940 2121 ἀλληλοις,
962 2037 1075 2103 αὐλὼν
1094 2055 1164 2102 στε-

145 2137 204 2220 νὸς
235 2145 326 2230 όρεσι
352 2141 408 2208 καί
436 2146 568 2227 λίμναις
594 2147 877 2227 περικλειόμενος,
909 2151 948 2228 τῇ
976 2139 1038 2227 μὲν
1065 2141 1163 2230 ἀρετῇ

144 2261 212 2314 τῶν
231 2250 395 2332 Κυμαίων
419 2250 601 2336 σύμμαχος,
623 2259 669 2338 τῷ
694 2245 730 2315 δὲ
753 2252 876 2334 πλάθει
899 2260 966 2315 τῶν
985 2249 1164 2334 βαρβάρων

109 2353 309 2439 2πολέμιος.
353 2353 617 2442 ἀνατρεπόμενοι
644 2358 708 2441 γδιρ
735 2355 792 2422 ὑπ’
820 2354 974 2439 ἀλλήλων
1001 2354 1056 2421 καὶ
1082 2371 1164 2440 συμ-

106 2488 133 2529 εο
145 2461 348 2545 πατούμενοι
370 2467 518 2548 πολλαχῇ
543 2459 604 2548 μὲν
622 2461 677 2528 καλ
696 2465 791 2550 άλλη,
814 2462 955 2547 μάλιστα
975 2459 1013 2528 δὲ
1030 2461 1107 2549 περὶ
1125 2463 1165 2528 τά

144 2566 286 2652 τέλματα
314 2576 370 2651 τῆς
397 2570 530 2652 λίμνης,
558 2565 631 2635 οὐδ’
656 2571 704 2646 είς
725 2580 838 2654 χεῖρας
861 2567 1017 2645 ε’λθόυτες
1039 2577 1078 2654 τῇ
1102 2567 1235 2653 ‹poi-1319

144 2678 243 2758 λαγγι
262 2684 329 2739 τῶν
338 2670 508 2757 Ἑλλήνων
527 2672 622 2739 αύτολ
636 2671 680 2738 δι’
699 2674 810 2739 αὑτῶν
824 2672 860 2739 οί
870 2675 1005 2751 πλείους
1023 2674 1165 2760 διεφθά-

145 2797 265 2868 ρησαν·
293 2778 349 2846 καὶ
372 2781 390 2846 ὁ
414 2777 476 2865 μὲν
502 2783 597 2860 πεζὸς
624 2780 735 2858 αὐτῶν
761 2782 899 2865 στρατὸς
922 2781 940 2846 δ
963 2783 1067 2858 πολύς
1088 2778 1165 2866 περὶ

146 2885 251 2975 ἑαυτῷ
272 2889 420 2973 σφαλείς,
439 2889 539 2972 ἔργον
557 2884 594 2953 δὲ
608 2893 765 2971 γενναίον
780 2883 881 2953 οὐδὲν
896 2886 1166 2973 ἀποδειξάμενος,

107 3018 134 3061 εε
147 2995 247 3071 ἀλλος
270 2995 353 3080 άλλη
377 2985 631 3071 διασκεδασθεὶς
654 2997 790 3079 ἔφυγεν·
815 2993 851 3059 οί
867 2987 897 3058 δ’
919 2993 1026 3071 ίππεϊς
1044 2999 1165 3077 συνῆλ-

106 3166 108 3171 .
145 3106 212 3166 θον
231 3095 292 3183 μὲν
311 3099 412 3184 ὁμόσε
431 3097 487 3165 καὶ
505 3102 613 3166 πολὺν
631 3098 871 3184 τοϊςἝλλησιν
891 3095 985 3166 οὗτοι
998 3097 1164 3185 παρέσχον

218 3261 232 3308 1
253 3256 373 3326 στομίων
393 3255 415 3310 Ο
434 3258 547 3326 μετείω
564 3256 587 3309 Β
643 3261 658 3310 3
678 3255 761 3326 ὁμόσε
781 3256 827 3310 Bb
847 3273 917 3312 corr.
937 3272 972 3310 ex
991 3253 1091 3324 ὀμόσεν
1110 3255 1164 3308 hoc

145 3325 351 3452 ffsssskssffiffiffss
369 3324 1166 3521 ρύιξλλλῖόύύφῶέύαιλῖἅδ”ασδλενλλύςῗῗέζὶ
1315 3405 1316 3476 η

147 3463 237 3540 ἑαυτῷ
256 3485 279 3523 ο.
294 3468 375 3524 Κὶεεε
388 3468 438 3538 ing
454 3473 458 3538 Ι
475 3467 557 3540 ἔργον
576 3468 607 3524 δὲ
628 3468 712 3524 οὐδὲν
731 3473 864 3540 γενναῖον
884 3468 906 3523 Ο
925 3467 1075 3538 praeterB
1130 3472 1165 3522 25

147 3537 266 3610 ἔφευγεν
286 3539 308 3594 Ο
327 3542 441 3610 praeber
459 3540 495 3606 A¹
