2656 3974
173 231 240 296 334
598 233 765 285 -Θ-

171 395 233 460 τὸν
255 397 456 479 Σερουίλιον
483 395 680 479 καταλαβὼν
705 395 865 472 κίνδυνος
891 395 1048 461 τοιούτου
1075 394 1194 473 τέλους

172 505 297 586 ἔτυχεν.

238 606 411 674 ΧΧΧΙΠΙ.
455 608 506 673 Οὐ
536 612 649 695 πολλῷ
680 603 711 672 θ’
742 607 884 693 ὕστερον
913 610 1024 696 χρόνῳ
1054 609 1194 693 στρατιά

166 711 338 799 Ῥωμαίων
356 713 496 798 ἐξῆλθεν
514 712 568 780 ἐπὶ
587 717 781 800 Τυρρηνοὺς
799 716 939 797 άγοντος
955 712 1106 799 θατέρου
1124 725 1194 780 τῶν

144 820 307 888 εὐπάτων
339 825 494 887 Ποπλίου
528 820 724 906 Οὐαλερίου.
770 820 911 904 συνέστη
944 820 1008 905 γάρ
1041 815 1143 898 αὐθις
1170 820 1192 903 ή

173 927 387 993 Οὐιεντανῶν
410 929 552 1012 δύναμις
569 925 811 1013 προσθεμένων
830 927 943 1004 αὐτοῖς
961 929 1135 1011 Σαβίνων,
1158 931 1196 992 οἳ

170 1030 252 1109 τέως
283 1033 459 1111 ὀκνοῦντες
491 1033 604 1111 αὐτοῖς
635 1034 847 1119 συνάρασθαι
876 1045 937 1100 τοῦ
966 1031 1115 1118 πολέμου
1146 1033 1192 1111 ὡς

171 1137 347 1204 άθυνάτων
377 1137 578 1224 ἐφιεμένοις,
607 1137 689 1223 τότ’,
719 1140 832 1224 ἐπειδή
860 1141 921 1223 τήν
948 1163 983 1204 τε
1010 1143 1269 1224 Μενηνίου1836

170 1245 283 1329 φυγήν
306 1249 457 1330 ἔγνωσαν
479 1243 535 1310 καὶ
557 1247 616 1311 τὸν
639 1244 862 1331 ἐπιτειχισμὸν
884 1255 945 1312 τού
967 1249 1110 1330 πλησίον
1132 1255 1192 1329 τῆς

132 1379 158 1419 10
166 1349 290 1436 Ῥώμης
312 1354 424 1435 ὅρους,
447 1359 710 1418 τεταπεινῶσθαι
732 1355 928 1436 νομίσαντες
949 1353 1007 1429 τάς
1028 1375 1064 1418 τε
1088 1352 1192 1418 δυνά-

171 1481 243 1542 μεις
269 1459 327 1535 τάς
344 1456 512 1543 Ῥωμαίων
539 1456 595 1524 καὶ
621 1459 659 1524 τὸ
686 1462 844 1544 φρόνημα
866 1467 923 1542 τῆς
944 1462 1072 1535 πόλεως
1093 1458 1191 1542 ήττή-

171 1571 271 1649 σθαι,
299 1565 553 1649 συνελάμβανον
579 1575 649 1642 τοῖς
676 1568 862 1652 Τυρρηνοῖς
884 1567 1014 1649 πολλήν
1037 1563 1191 1630 ἀποστεί-

134 1675 287 1747 2λαντες
323 1672 476 1755 δύναμιν.
532 1672 568 1736 οί
601 1667 639 1736 δὲ
672 1669 872 1738 Οὐιεντανοὶ
907 1680 947 1757 τή
979 1694 1014 1736 τε
1046 1667 1191 1758 σφετέρᾳ

170 1777 311 1860 δυνάμει
339 1781 537 1854 πεποιθότες
566 1775 622 1844 καὶ
651 1787 691 1863 τῇ
723 1781 883 1862 Σαβίνων
912 1775 1031 1843 νεωστί
1059 1776 1190 1862 ήκούση

130 1907 157 1948 ιε
170 1881 226 1948 καὶ
253 1884 312 1961 τὰς
335 1885 424 1970 παρὰ
446 1895 514 1950 τῶν
537 1885 648 1951 ἄλλων
676 1888 860 1971 Τυρρηνῶν
883 1883 1076 1969 ἐπικουρίας
1097 1905 1190 1968 περι

165 1987 326 2074 μένοντες
352 1994 546 2076 προθυμίαν
574 1987 636 2075 μὲν
663 1987 755 2077 εἶχον
784 1988 839 2056 ἐπὶ
860 1992 922 2075 τήν
940 1987 1068 2075 Ῥώμην
1092 1987 1191 2056 έλαύ-

168 2118 242 2162 νειν
271 2105 311 2183 πή
341 2099 471 2164 πλείονι
500 2105 558 2181 τῆς
588 2093 748 2183 σφετέρας
778 2106 947 2185 στρατιᾶς,
976 2097 1021 2174 ὡς
1048 2097 1191 2174 οὐδενὸς
1319 2089 1320 2127 λ

170 2201 283 2280 αὐτοῖς
310 2203 411 2288 ὁμόσε
439 2207 665 2290 χωρήσοντος,
693 2203 778 2268 άλλά
800 2206 895 2270 δυεῖν
917 2203 1079 2290 θάτερον,
1107 2202 1129 2287 ή
1153 2202 1191 2269 έκ
1318 2237 1319 2286 3

168 2312 376 2393 τειχομαχίας
402 2311 596 2395 αἱρήσοντες
622 2312 684 2395 τήν
711 2313 811 2376 πόλιν
835 2310 856 2395 ή
880 2314 965 2396 λιμῷ
987 2313 1190 2395 κατεργασό-

128 2403 273 2515 ῃζ’,μενοα
309 2417 437 2500 ἔφθασε
461 2413 499 2482 δὲ
521 2418 583 2501 τήν
601 2416 805 2502 ἐπιχείρησιν
823 2415 934 2482 αὐτῶν
954 2416 972 2482 ὁ
993 2414 1189 2502 Οὐαλέριος,
1317 2417 1318 2444 ³

169 2521 206 2587 ἐν
234 2515 260 2609 β
290 2523 338 2590 ἔτι
365 2525 504 2608 ἔμελλον
527 2522 649 2589 ἐκείνοι
672 2520 728 2588 καὶ
750 2525 829 2600 τοὺς
851 2522 1082 2607 ὑστερίζοντας
1105 2538 1189 2607 συμ-
1316 2579 1317 2605 ,

168 2629 295 2714 μάχους
317 2627 496 2714 ἀνέμενον,
524 2629 624 2706 αὐτὸς
646 2629 781 2713 ἀγαγὼν
799 2625 969 2712 Ῥωμαίων
990 2629 1053 2712 τήν
1075 2633 1189 2714 κρατί·
1315 2715 1316 2718 ¹

169 2754 250 2819 στην
278 2733 387 2820 ἀκμήν
415 2734 530 2802 καὶτὸ
553 2736 643 2822 παρὰ
665 2747 733 2801 τῶν
756 2736 938 2820 συμμάχων
962 2734 1188 2822 ἐπικουρικόν,

168 2842 230 2908 οὐκ
254 2841 290 2907 ἐκ
312 2852 373 2908 τοῦ
395 2853 545 2928 φανεροῦ
567 2842 790 2927 ποιησάμενος
811 2843 874 2926 τήν
897 2841 1025 2927 ἔξοδον,
1048 2840 1121 2908 ἀλλ’
1143 2843 1189 2920 ὡς

127 2971 154 3012 εε
168 2950 309 3034 μάλιστα
336 2951 500 3033 λήσεσθαι
527 2948 650 3026 αὐτοὺς
676 2951 801 3033 ἔμελλε.
850 2949 1029 3034 προελθὼν
1057 2950 1122 3035 γάρ
1151 2949 1188 3016 έν
1313 3013 1314 3028 ,

240 3143 467 3211 ίσυνυίρυσθαι
485 3140 532 3195 Ba
605 3145 639 3194 10
657 3160 687 3195 τε
706 3140 761 3195 del.
778 3157 840 3195 esse
858 3141 955 3194 censet
972 3139 1078 3194 Reiske
1152 3149 1185 3196 11
1312 3135 1313 3158 ³

167 3213 216 3276 τάς
235 3216 301 3267 ante
316 3211 459 3282 Ῥωμαίων
483 3211 590 3266 add.B
673 3217 706 3265 15
730 3210 780 3266 καὶ
799 3211 863 3266 add.
883 3210 956 3280 Cmg
986 3216 990 3280 Ι
1021 3213 1054 3266 οὐ
1073 3211 1187 3283 περιμέ-

166 3303 264 3347 νοντες
282 3301 305 3340 ο.
324 3283 428 3338 Reiske
492 3289 525 3338 17
544 3280 716 3352 τησφετέρας
735 3285 757 3336 Β
819 3289 853 3337 19
871 3282 1113 3375 κατεργασάμενοι
1132 3284 1186 3338 ΑΒ

166 3355 488 3552 ὐξὲξλῖίὲίὲἷίὲλύε
542 3361 586 3480 ²2¹⁵
602 3353 851 3493 ὐήύεἷίὲ.3οοιει
868 3357 1187 3498 ὐῖάῖῗιῗὲὐνιῖῗζά

167 3517 180 3553 ε
221 3518 259 3551 ων
306 3513 324 3549 ω
