2660 3976
522 245 558 256 -
593 218 621 268 Η
658 245 691 254 -
1051 213 1115 277 187

35 329 37 360 Ι

35 365 37 406 ¹
112 376 204 460 σύνης
234 373 393 462 οὐδεμιᾶς
419 378 482 462 τὴν
511 378 703 442 τελευταίαν
734 377 959 460 πορευόμενος
990 373 1027 440 ἐκ
1059 384 1117 460 τῆς

112 484 205 561 οίκίας
226 484 326 562 ὁδόνς
446 478 448 482 ’

168 588 333 654 ΧΧΧΧΠ.
367 587 453 656 Ἀλλ’
475 592 507 656 εί
527 587 583 656 καὶ
604 591 726 656 τούτου
745 591 859 655 δεῖσθε
879 589 985 672 ὑμεῖς,
1007 582 1034 652 ὑ
1058 612 1117 672 γυ-

111 703 224 781 ναῖκες,
251 695 308 762 καί
334 697 465 775 πάντας
490 695 606 762 θέλετε
634 695 885 783 ἀσχημονούσας
911 695 996 780 ἡμᾶς
1019 695 1117 779 ίδεῖν,

35 773 37 868 Ξ
35 800 280 930 ὑπολάβετε
298 813 454 889 παρεῖναι
472 805 554 888 πρὸς
577 801 680 868 αὑτὸν
699 798 782 886 κάμὲ
804 799 860 868 καὶ
880 801 1116 886 Οὐολουμνίαν
1144 820 1157 861 ι

35 869 245 990 Ξῖιιιίγούσας
271 910 313 974 τὰ
339 911 469 975 παιδία·
496 912 590 986 τίνας
617 908 682 995 έρῶ
709 919 842 991 πρῶτον
869 909 889 992 ἡ
918 911 1024 994 μήτηρ
1052 907 1117 991 ἐγὼ

110 1017 182 1100 πρὸς
212 1015 317 1082 αὑτὸν
349 1019 486 1100 λόγους,
516 1013 573 1080 καὶ
602 1019 677 1081 τίνα
708 1014 824 1100 δέησιν
850 1017 1030 1101 ποιήσομαι
1057 1023 1117 1081 τοὺ

109 1122 192 1201 υἱούς
222 1120 333 1206 λέγετε
360 1121 416 1189 καὶ
444 1119 619 1188 διδάσκετέ
639 1145 688 1206 με.
734 1125 916 1208 φείσασθαι
938 1126 1117 1208 παρακαλῶ

109 1239 169 1294 τῶν
194 1226 314 1295 ἑαυτοῦ
343 1233 505 1312 πολιτῶν,
532 1226 590 1313 ὑφ’
619 1222 666 1293 ὧν
690 1231 727 1294 ἐκ
748 1236 807 1312 τῆς
827 1229 986 1312 πατρίδος
1009 1225 1117 1310 ἐξελή-

109 1338 195 1400 λαται
216 1333 272 1401 καὶ
295 1331 405 1420 μηθὲν
427 1334 568 1414 δδικῶνς
597 1336 790 1420 οἰκτίρμονα
817 1330 932 1399 δὲκαὶ
956 1339 1115 1416 συμπαθῆ
1131 1353 1157 1392 1⁰

109 1442 183 1526 πρὸς
208 1445 286 1520 τοὺς
313 1443 513 1526 δημοτικούς
539 1439 714 1525 γενέσθαι,
744 1437 820 1526 παρ’
848 1433 896 1505 ὧν
923 1436 993 1505 οὔτ’
1022 1437 1117 1505 έλέου

109 1545 255 1633 μετέσχεν
283 1549 360 1614 οὔτε
393 1551 614 1632 συμπαθείαςς
649 1548 877 1631 ἐγκαταλιπεῖν
904 1543 936 1611 δ’
966 1547 1032 1632 ἄρα
1062 1543 1119 1610 καὶ

108 1655 284 1738 προδοῦναι
312 1655 390 1730 τοὺς
416 1651 685 1738 ὑποδεξαμένους
711 1652 815 1719 αὑτοῦ
841 1654 903 1738 τὴν
926 1654 1055 1738 φυγήν,
1085 1655 1121 1718 οἳ

108 1761 206 1825 πολλὰ
232 1757 289 1826 καὶ
311 1760 406 1825 δεινδι
428 1763 634 1836 πεπονθότες
661 1757 717 1824 ὑπ’
744 1759 848 1826 αὑτοῦ
870 1762 1048 1844 πρότερον,
1077 1757 1118 1824 ού

108 1870 266 1950 πολεμίων
294 1877 407 1950 μῖσος,
440 1864 524 1930 ἀλλὰ
551 1869 661 1951 φίλων
688 1863 743 1931 καὶ
777 1875 949 1949 συγγενῶν
981 1865 1117 1930 εύνοιαν
1133 1879 1158 1920 1⁵

110 2078 164 2142 τὸν
188 2079 264 2144 υίὸν
290 2078 331 2142 τὰ
358 2073 420 2162 μὲν
443 2075 651 2144 ἀπολέσαντα
678 2082 805 2162 φιλεῖν,
833 2077 873 2142 τὰ
901 2073 938 2142 δὲ
966 2077 1118 2142 σώσαντα
1175 2101 1178 2106 ·

110 2180 244 2264 ἀδικεῖυς
282 2183 344 2249 ούκ
377 2180 462 2248 είσλν
494 2178 588 2249 οὑτοι
620 2185 743 2269 μητρὸς
774 2182 992 2266 ὑγιαινούσης
1023 2185 1118 2266 λύγοι

109 2289 185 2374 πρὸς
209 2290 286 2356 υἱὸν
310 2285 391 2355 οὑδὲ
418 2290 575 2373 γυναικὸς
603 2291 624 2356 δ
647 2291 701 2356 δεῖ
721 2287 934 2373 λογιζομένης
955 2291 1038 2374 πρὸς
1061 2289 1119 2354 ἅν-

110 1973 152 2048 εῖς
176 1971 276 2039 αὑτὸν
303 1969 534 2049 ἀποδείξαντος
569 1975 645 2036 τίνα
674 1973 785 2058 ψυχὴν
813 1974 962 2055 λαβοῦσα
988 1969 1153 2047 ἄξιώσω2

111 2394 181 2478 δρα·
207 2393 285 2481 μηδ’
312 2394 407 2480 ὑμεῖς
428 2396 596 2481 βιάζεσθε,
619 2408 786 2480 γυναῖκες,
809 2395 831 2460 ὑ
852 2397 933 2479 μήτε
955 2398 1038 2482 πρὸς
1060 2395 1119 2461 ἄν·
1132 2411 1159 2452 2⁰

111 2502 259 2585 θρύπους
291 2502 403 2569 δίκαιά
436 2501 505 2569 έστι
536 2506 617 2588 μήτε
649 2505 733 2588 πρὸς
763 2505 867 2579 θεοὺς
893 2499 985 2586 ὅσια,
1015 2499 1113 2569 ταῦθ’

35 2604 188 2704 ζῐιοιὴμᾶς
213 2611 381 2674 αἰτεῖσθαι
407 2607 485 2693 παρ’
511 2608 632 2693 αὑτοῦ,
659 2606 730 2674 ἀλλ’
759 2610 858 2693 ἄφετε
885 2609 947 2684 τὰς
966 2606 1119 2689 ἐλεεινάς,

35 2733 37 2808 ρ
114 2711 153 2788 ὡς
167 2717 379 2798 πεπτώκαμεν
397 2715 462 2780 ὑπὸ
480 2723 538 2798 τῆς
556 2714 667 2800 τύχης,
685 2721 819 2781 κεῖσθαι
836 2713 992 2790 ταπεινὰς
1010 2707 1119 2796 μηθὲν

115 2819 156 2882 ἔτι
175 2818 275 2887 πλέον
299 2819 560 2906 ἀσχημονούσας.

35 2911 36 2974 j
172 2925 353 2992 XXXXIII.
383 2924 607 3011 Παυσαμένης
626 2925 657 2992 δ’
679 2926 780 3010 αὐτῆς
797 2936 956 3003 τοσοῦτος
973 2926 1120 3012 ὀδυρμὸς
1134 2942 1160 2983 25

115 3029 233 3100 έκτῶν
262 3043 442 3119 παρουσῶν
474 3044 643 3115 γυναικῶν
676 3033 821 3118 ἐγένετο,
853 3030 909 3098 καὶ
940 3033 1118 3117 τηλικαύτη

179 3268 245 3315 1οκ
246 3259 384 3314 αὑλτατα
365 3257 551 3330 αμηδέναμ
551 3259 729 3330 ηιῶδδνάδκ
708 3280 747 3314 ων
773 3276 796 3314 υ.
815 3258 976 3327 Βείμιείιε
977 3259 1121 3314 αῦίτατα

115 3329 195 3398 μηδὲν
208 3332 235 3386 ἀ
250 3347 273 3386 c
287 3329 433 3398 Kiessling
451 3331 500 3385 καί
514 3331 569 3386 del.
584 3330 673 3386 Cobet
692 3331 757 3386 Obs.
772 3348 800 3399 p
816 3337 867 3384 164
886 3332 952 3400 post
965 3329 1015 3384 καλ
1029 3348 1121 3401 pauca

116 3400 243 3457 oxoidjsse
267 3400 391 3457 Sintenis
415 3401 476 3456 Em
495 3401 577 3458 Dion
596 3402 689 3456 11110
715 3402 812 3456 censet
918 3408 949 3456 16
974 3399 1014 3464 είς
1033 3402 1120 3457 αὑτὸν

117 3469 212 3527 addB
284 3480 379 3529 26na
380 3473 573 3543 ρουσναδδ
592 3472 615 3524 Β
