2656 3974
164 233 230 298 378
589 233 757 286 -Θ-

164 396 209 474 ῶς
236 394 510 480 ἀναπαυσόμενοί
533 417 567 460 τε
593 390 649 460 καὶ
671 387 773 472 αὖθις
795 395 844 472 είς
864 393 958 473 τάξιν
980 396 1262 478 καταστησό-ιοοε

163 525 268 588 μενοι.
318 499 392 567 ἀλλ’
424 502 465 570 οὐ
496 503 560 586 γάρ
588 501 700 578 αὐτοῖς
727 499 893 585 ἐξεγένετο
919 504 1125 584 καταστῆναί
1149 525 1185 566 τε

163 606 219 674 καὶ
250 605 389 687 ἑαυτοὺς
417 607 615 692 ἀναλαβεῖν,
645 603 717 672 ἀλλ’
749 604 786 672 ἐκ
815 607 918 683 ποδὸς
945 605 1186 692 ἠκολούθησαν

165 715 278 792 αὐτοῖς
301 714 337 780 οί
356 711 509 799 πολέμιοι
531 717 740 799 πιλήσαντες,
763 714 808 791 ῶς
826 709 955 798 μάλιστ’
973 707 1016 796 ήν
1036 715 1185 782 δυνατὸν

139 824 244 899 ιταὺς
261 824 393 907 λόχους,
411 822 467 887 ἵνα
486 821 530 905 μή
550 826 784 907 καταραχθῶσι
802 821 885 907 πρὸς
904 821 1043 896 ἀναντες
1057 824 1185 907 χωρίον

128 931 365 1015 5βιαζόμενοι.
409 923 464 994 καὶ
491 929 618 1009 γίνεται
646 925 747 1011 μέγας
774 925 866 1011 ἀμῶν
894 925 949 992 ἐπὶ
972 929 1059 993 πολὺ
1084 924 1185 1013 μέρος

166 1044 223 1120 τῆς
245 1031 384 1121 ἡμέρας,
409 1035 526 1121 νεκροί
544 1056 579 1099 τε
602 1036 759 1099 πίπτουσι
781 1030 901 1099 πολλοὶ
924 1029 982 1118 ἀφ’
1009 1030 1184 1119 ἐκατέρου.

164 1139 220 1207 καὶ
244 1139 453 1207 Οὐολοῦσκοι
481 1141 605 1224 πλήθει
626 1163 661 1205 τε
685 1137 902 1225 ὑπερέχοντες
923 1135 978 1204 καὶ
1001 1141 1040 1205 τὸ
1063 1137 1100 1204 ἐκ
1121 1149 1185 1206 τού

164 1250 268 1315 τόπου
286 1249 545 1334 προσειληφότες
564 1244 721 1332 ἀσφαλές,
740 1244 918 1332 οὐδετέρου
936 1246 1067 1312 τούτων
1081 1241 1185 1312 οὐδὲν

124 1382 151 1424 ιο
165 1353 296 1438 ἀγαθὸν
319 1353 526 1436 ἀπήλαυσαν,
548 1349 621 1417 ἀλλ’
644 1353 710 1420 ὑπὸ
733 1361 792 1438 τής
804 1350 974 1437 Ῥωμαίων
991 1355 1185 1437 προθυμίας

163 1458 219 1526 καὶ
250 1458 368 1548 ἀρετής
397 1456 630 1545 ἐκβιασθέντες
658 1460 718 1524 τόν
747 1481 782 1524 τε
810 1461 919 1544 λόφον
948 1457 1099 1537 ἐξέλιπον
1127 1456 1184 1524 καλ

129 1564 219 1643 6έπὶ
241 1569 300 1633 τὸν
322 1565 450 1652 χάρακα
472 1566 653 1651 φεύγοντες
676 1565 712 1630 οί
731 1562 850 1632 πολλοὶ
873 1562 1097 1650 ἀπέθνησκον.
1141 1565 1184 1630 οὐ

164 1675 228 1760 γάρ
252 1678 368 1738 είασαν
391 1671 512 1749 αὐτοὺς
535 1673 571 1738 oc
586 1669 740 1757 Ῥωμαῖοι
764 1673 951 1756 διώκοντες,
974 1669 1047 1738 ἀλλ’
1069 1671 1105 1737 ἐκ
1123 1693 1185 1737 πο-

164 1781 223 1857 όὸς
245 1779 481 1863 ἠκολούθησαν
501 1777 557 1844 καὶ
576 1779 617 1845 οὐ
635 1781 798 1865 πρότερον
817 1777 1057 1865 ἀπετράποντο,
1079 1778 1100 1863 ή
1119 1778 1182 1861 τήν

125 1913 151 1956 ιι
164 1887 378 1972 παρεμβολήν
406 1885 518 1952 αὐτῶν
546 1882 634 1952 ἑλεῖν
662 1887 744 1951 κατά
773 1885 899 1972 κράτος.
945 1887 1120 1970 γενόμενοι
1144 1883 1183 1950 δὲ

165 1992 327 2077 σωμάτιον
349 1990 377 2057 τ’
400 1991 568 2081 ἐγκρατεῖς
589 1990 644 2058 καὶ
668 1992 730 2059 ὅσα
748 1990 977 2077 ἐγκατελήφθη
996 2001 1043 2080 τῷ
1062 1991 1184 2078 χάρακι

163 2096 219 2165 καὶ
237 2099 347 2166 ἵππων
365 2096 421 2165 καί
440 2098 553 2165 ὅπλων
571 2097 626 2165 καὶ
643 2099 819 2186 χρημάτων
837 2101 1041 2184 παμπόλλων
1059 2099 1184 2187 κύριοι,

163 2206 225 2289 τήν
248 2200 310 2289 μέν
331 2206 436 2272 νύκτα
454 2204 586 2290 ἐκείνην
604 2206 725 2272 αὐτόθι
743 2203 1118 2292 κατεστρατοπέδευσαν,
1141 2213 1259 2291 τήιεοτ

165 2307 196 2377 δ’
210 2309 348 2398 ἐπιούσχ
363 2311 470 2400 ήμέρᾳ
483 2314 522 2378 τά
536 2315 584 2391 είς
597 2316 794 2400 πολιορκία-ν
803 2311 970 2396 ἐπιτήδεια
980 2328 1183 2398 παρεσκευα-

123 2447 151 2488 εο
166 2415 285 2502 σμένος
312 2418 330 2485 ὁ
358 2418 482 2496 ύπατος
511 2416 565 2484 ἐπὶ
592 2419 654 2502 τήν
677 2415 856 2484 Ἀντιατῶν
883 2422 982 2484 πόλιν
1010 2418 1051 2484 οὐ
1077 2421 1182 2485 πλείω

131 2535 148 2602 7
165 2523 353 2612 ἀπέχουσαν
371 2525 549 2608 τριάκοντα
566 2526 711 2591 σταδίαν
724 2520 784 2608 ήχε
798 2524 860 2607 τήν
874 2525 1029 2610 δύναμιν.
1056 2526 1200 2612 ’ἔτυχον

164 2628 202 2697 δέ
229 2637 379 2717 φυλακῆς
406 2630 503 2697 ἕνεκα
525 2642 595 2709 τοῖς
614 2629 798 2709 Ἀντιάταις
820 2633 980 2698 Αἰκανῶν
1002 2655 1090 2709 τινες
1112 2631 1184 2697 ἐπί·

163 2761 281 2824 κουροι
312 2740 474 2825 παρόντες
505 2735 560 2804 καὶ
587 2737 809 2823 φυλάττοντες
838 2739 879 2803 τά
906 2740 1011 2822 τείχη·
1049 2741 1084 2804 οἳ
1107 2742 1184 2805 τότε

164 2846 333 2940 δείσαντες
360 2845 396 2909 τὸ
415 2841 583 2928 Ῥωμαίων
610 2847 778 2930 τολμηρὸν
805 2846 956 2933 δρασμὸν
984 2843 1020 2911 ἐκ
1042 2854 1101 2929 τής
1122 2848 1184 2912 πό-

237 3007 251 3055 1
271 2997 358 3064 αὖθις
375 3000 425 3055 καλ
444 2999 466 3056 Ο
485 3001 534 3055 καλ
553 2998 640 3064 αὖθις
656 3001 787 3056 Ηοτλλείιι
804 3001 923 3056 Hermes
941 3001 967 3056 X
985 3009 1038 3056 419
1112 3009 1128 3057 2
1152 3021 1183 3058 τε

164 3073 229 3128 add.
249 3073 270 3128 Β
340 3077 356 3126 5
375 3076 577 3142 καταραχθῶσι
596 3075 640 3128 Ba
658 3072 963 3146 <κατα><ρρ>αχθῶσι
981 3073 1029 3128 Bb
1099 3079 1115 3128 9
1135 3075 1184 3128 ού-

163 3142 266 3215 δετέρφ
284 3143 310 3196 Α
335 3148 339 3213 Ι
364 3144 481 3206 οὐδενὸς
498 3144 652 3214 ἀχαθοῶῦ
735 3151 768 3200 10
788 3142 1000 3217 ἀπ<ή>λαυοαν
1018 3145 1064 3199 Bb
1149 3151 1182 3199 13

163 3216 275 3286 είασαν]
300 3215 418 3269 ἀνίεσαν
440 3215 513 3270 Smit
532 3214 597 3270 Obs.
615 3234 644 3285 p.
659 3221 693 3271 42
786 3221 819 3272 15
844 3217 937 3270 αὐτῶν
956 3232 1010 3270 om.
1030 3215 1056 3268 A
1149 3222 1183 3270 16

163 3280 461 3427 Ξῖίάὶῗῖήέήαάεῖς
477 3281 736 3412 Αιιέγίλάὶἷῗάαὶ
755 3303 809 3414 0ῗά
829 3282 1119 3429 ἐήιέίέέῖἔάάῗάλ
1132 3286 1184 3414 ἐξ

163 3435 199 3550 {g
221 3427 371 3550 πιχρόντες]
395 3426 526 3498 τυχόντες
548 3427 599 3484 ΑΟ
707 3435 743 3484 24
765 3429 950 3501 ἀποδραομὸν
973 3446 997 3486 ο.
1017 3429 1186 3488 dubitanter

201 3514 245 3551 ess
257 3515 307 3566 mg
