<?xml version="1.0" encoding="UTF-8"?>
<!DOCTYPE html PUBLIC "-//W3C//DTD XHTML 1.0 Transitional//EN"
    "http://www.w3.org/TR/xhtml1/DTD/xhtml1-transitional.dtd">
<html xmlns="http://www.w3.org/1999/xhtml" xml:lang="en" lang="en">
 <head>
  <title>
</title>
<meta http-equiv="Content-Type" content="text/html;charset=utf-8" />
  <meta name='ocr-system' content='tesseract 3.04.00' />
  <meta name='ocr-capabilities' content='ocr_page ocr_carea ocr_par ocr_line ocrx_word'/>
</head>
<body>
  <div class='ocr_page' id='page_1' title='image "./dionysihalicarn00unkngoog_0179.png"; bbox 0 0 2660 3976; ppageno 0'>
   <div class='ocr_carea' id='block_1_1' title="bbox 560 263 728 312">
    <p class='ocr_par' dir='ltr' id='par_1_1' title="bbox 560 263 728 312">
     <span class='ocr_line' id='line_1_1' title="bbox 560 263 728 312; baseline 0.006 -11"><span class='ocrx_word' id='word_1_1' title='bbox 560 263 728 312; x_wconf 86' lang='grc' dir='ltr'><strong><em>...Η-</em></strong></span> 
     </span>
    </p>
   </div>
   <div class='ocr_carea' id='block_1_2' title="bbox 10 420 1195 3162">
    <p class='ocr_par' dir='ltr' id='par_1_2' title="bbox 10 420 1195 3162">
     <span class='ocr_line' id='line_1_2' title="bbox 130 420 1154 510; baseline 0.002 -23"><span class='ocrx_word' id='word_1_2' title='bbox 130 421 255 500; x_wconf 73' lang='grc' dir='ltr'><strong><em>ἔξοδον</em></strong></span> <span class='ocrx_word' id='word_1_3' title='bbox 280 422 401 506; x_wconf 72' lang='grc' dir='ltr'><strong><em>κομιδῇ</em></strong></span> <span class='ocrx_word' id='word_1_4' title='bbox 428 420 504 498; x_wconf 82' lang='grc' dir='ltr'><strong><em>νέος</em></strong></span> <span class='ocrx_word' id='word_1_5' title='bbox 531 423 594 506; x_wconf 78' lang='grc' dir='ltr'><strong><em>ὤν,</em></strong></span> <span class='ocrx_word' id='word_1_6' title='bbox 627 422 680 488; x_wconf 79' lang='grc' dir='ltr'><strong><em>ὅτε</em></strong></span> <span class='ocrx_word' id='word_1_7' title='bbox 708 425 790 506; x_wconf 87' lang='grc' dir='ltr'><strong><em>πρὸς</em></strong></span> <span class='ocrx_word' id='word_1_8' title='bbox 816 425 894 499; x_wconf 84' lang='grc' dir='ltr'><strong><em>τοὺς</em></strong></span> <span class='ocrx_word' id='word_1_9' title='bbox 920 426 1068 506; x_wconf 74' lang='grc' dir='ltr'><strong><em>βασιλεῖς</em></strong></span> <span class='ocrx_word' id='word_1_10' title='bbox 1095 427 1154 510; x_wconf 80' lang='grc' dir='ltr'><strong><em>βίᾳ</em></strong></span> 
     </span>
     <span class='ocr_line' id='line_1_3' title="bbox 10 525 1153 614; baseline 0 -20"><span class='ocrx_word' id='word_1_11' title='bbox 10 525 11 528; x_wconf 47' lang='lat'>&#39;</span> <span class='ocrx_word' id='word_1_12' title='bbox 130 531 309 605; x_wconf 76' lang='grc' dir='ltr'><strong><em>κατιόντας</em></strong></span> <span class='ocrx_word' id='word_1_13' title='bbox 325 529 564 612; x_wconf 76' lang='grc' dir='ltr'><strong><em>ἠγωνιζόμεθα.</em></strong></span> <span class='ocrx_word' id='word_1_14' title='bbox 598 527 634 593; x_wconf 82' lang='grc' dir='ltr'><strong><em>ἐκ</em></strong></span> <span class='ocrx_word' id='word_1_15' title='bbox 651 529 772 610; x_wconf 86' lang='grc' dir='ltr'><strong><em>ταύτης</em></strong></span> <span class='ocrx_word' id='word_1_16' title='bbox 784 537 842 612; x_wconf 75' lang='grc' dir='ltr'><strong><em>τῆς</em></strong></span> <span class='ocrx_word' id='word_1_17' title='bbox 856 528 961 614; x_wconf 70' lang='grc' dir='ltr'><strong><em>μάλης</em></strong></span> <span class='ocrx_word' id='word_1_18' title='bbox 974 528 1153 613; x_wconf 78' lang='grc' dir='ltr'><strong><em>ἀριστείοις</em></strong></span> 
     </span>
     <span class='ocr_line' id='line_1_4' title="bbox 134 633 1153 721; baseline 0 -23"><span class='ocrx_word' id='word_1_19' title='bbox 134 634 326 719; x_wconf 80' lang='grc' dir='ltr'><em>ἀνεδούμην</em></span> <span class='ocrx_word' id='word_1_20' title='bbox 339 635 405 700; x_wconf 84' lang='grc' dir='ltr'><strong><em>ὑπὸ</em></strong></span> <span class='ocrx_word' id='word_1_21' title='bbox 419 644 479 700; x_wconf 81' lang='grc' dir='ltr'><strong><em>τοῦ</em></strong></span> <span class='ocrx_word' id='word_1_22' title='bbox 497 643 682 721; x_wconf 79' lang='grc' dir='ltr'><strong><em>στρατηγοῦ</em></strong></span> <span class='ocrx_word' id='word_1_23' title='bbox 701 634 878 719; x_wconf 85' lang='grc' dir='ltr'><strong><em>στεφάνοις</em></strong></span> <span class='ocrx_word' id='word_1_24' title='bbox 894 638 1034 718; x_wconf 91' lang='grc' dir='ltr'><strong><em>πολίτην</em></strong></span> <span class='ocrx_word' id='word_1_25' title='bbox 1051 633 1153 721; x_wconf 85' lang='grc' dir='ltr'><strong><em>ὑπερ-</em></strong></span> 
     </span>
     <span class='ocr_line' id='line_1_5' title="bbox 133 738 1154 825; baseline -0.001 -19"><span class='ocrx_word' id='word_1_26' title='bbox 133 744 278 818; x_wconf 89' lang='grc' dir='ltr'><strong><em>ασπίσας</em></strong></span> <span class='ocrx_word' id='word_1_27' title='bbox 299 739 355 806; x_wconf 79' lang='grc' dir='ltr'><strong><em>καὶ</em></strong></span> <span class='ocrx_word' id='word_1_28' title='bbox 376 738 536 825; x_wconf 78' lang='grc' dir='ltr'><strong><em>πολέμιον</em></strong></span> <span class='ocrx_word' id='word_1_29' title='bbox 563 741 767 818; x_wconf 74' lang='grc' dir='ltr'><strong><em>ἀποκτείνας.</em></strong></span> <span class='ocrx_word' id='word_1_30' title='bbox 816 738 922 806; x_wconf 82' lang='grc' dir='ltr'><strong><em>ἔπειθ’</em></strong></span> <span class='ocrx_word' id='word_1_31' title='bbox 950 741 1029 818; x_wconf 83' lang='grc' dir='ltr'><strong><em>ὅσας</em></strong></span> <span class='ocrx_word' id='word_1_32' title='bbox 1051 740 1154 818; x_wconf 84' lang='grc' dir='ltr'><strong><em>άλλας</em></strong></span> 
     </span>
     <span class='ocr_line' id='line_1_6' title="bbox 135 831 1193 946; baseline 0 -34"><span class='ocrx_word' id='word_1_33' title='bbox 135 849 272 924; x_wconf 73' lang='grc' dir='ltr'><strong><em>ἱππικὰς</em></strong></span> <span class='ocrx_word' id='word_1_34' title='bbox 297 845 352 912; x_wconf 86' lang='grc' dir='ltr'><strong><em>καὶ</em></strong></span> <span class='ocrx_word' id='word_1_35' title='bbox 378 848 509 926; x_wconf 82' lang='grc' dir='ltr'><strong><em>πεζικὰς</em></strong></span> <span class='ocrx_word' id='word_1_36' title='bbox 534 847 750 931; x_wconf 77' lang='grc' dir='ltr'><strong><em>ἠγωνισάμην</em></strong></span> <span class='ocrx_word' id='word_1_37' title='bbox 778 847 898 932; x_wconf 85' lang='grc' dir='ltr'><strong><em>μάχας,</em></strong></span> <span class='ocrx_word' id='word_1_38' title='bbox 925 845 1088 932; x_wconf 76' lang='grc' dir='ltr'><strong><em>ἐπιφανὴς</em></strong></span> <span class='ocrx_word' id='word_1_39' title='bbox 1114 831 1193 946; x_wconf 66' lang='grc' dir='ltr'><strong><em>ἐνῖ)5</em></strong></span> 
     </span>
     <span class='ocr_line' id='line_1_7' title="bbox 133 951 1152 1039; baseline -0.001 -20"><span class='ocrx_word' id='word_1_40' title='bbox 133 953 277 1030; x_wconf 80' lang='grc' dir='ltr'><strong><em>ἁπάσαις</em></strong></span> <span class='ocrx_word' id='word_1_41' title='bbox 295 952 456 1038; x_wconf 78' lang='grc' dir='ltr'><strong><em>ἐγενόμην</em></strong></span> <span class='ocrx_word' id='word_1_42' title='bbox 473 951 529 1018; x_wconf 80' lang='grc' dir='ltr'><strong><em>καὶ</em></strong></span> <span class='ocrx_word' id='word_1_43' title='bbox 545 953 714 1039; x_wconf 77' lang='grc' dir='ltr'><strong><em>τάριστεῖα</em></strong></span> <span class='ocrx_word' id='word_1_44' title='bbox 733 951 766 1031; x_wconf 84' lang='grc' dir='ltr'><strong><em>ἐξ</em></strong></span> <span class='ocrx_word' id='word_1_45' title='bbox 786 951 923 1019; x_wconf 75' lang='grc' dir='ltr'><strong><em>ἁπασῶν</em></strong></span> <span class='ocrx_word' id='word_1_46' title='bbox 940 955 1075 1038; x_wconf 79' lang='grc' dir='ltr'><strong><em>ἔλαβον·</em></strong></span> <span class='ocrx_word' id='word_1_47' title='bbox 1096 951 1152 1019; x_wconf 80' lang='grc' dir='ltr'><strong><em>καὶ</em></strong></span> 
     </span>
     <span class='ocr_line' id='line_1_8' title="bbox 59 1054 1152 1146; baseline 0.002 -21"><span class='ocrx_word' id='word_1_48' title='bbox 59 1060 213 1126; x_wconf 75' lang='grc' dir='ltr'><strong><em>ισσοούτε</em></strong></span> <span class='ocrx_word' id='word_1_49' title='bbox 235 1062 332 1136; x_wconf 89' lang='grc' dir='ltr'><strong><em>πόλις</em></strong></span> <span class='ocrx_word' id='word_1_50' title='bbox 355 1059 391 1125; x_wconf 90' lang='grc' dir='ltr'><strong><em>ἐκ</em></strong></span> <span class='ocrx_word' id='word_1_51' title='bbox 413 1063 620 1146; x_wconf 76' lang='grc' dir='ltr'><strong><em>τειχομαχίας</em></strong></span> <span class='ocrx_word' id='word_1_52' title='bbox 643 1057 728 1124; x_wconf 84' lang='grc' dir='ltr'><strong><em>ἑάλω</em></strong></span> <span class='ocrx_word' id='word_1_53' title='bbox 751 1083 810 1143; x_wconf 87' lang='grc' dir='ltr'><strong><em>τις,</em></strong></span> <span class='ocrx_word' id='word_1_54' title='bbox 832 1054 872 1143; x_wconf 71' lang='grc' dir='ltr'><strong><em>ἧς</em></strong></span> <span class='ocrx_word' id='word_1_55' title='bbox 894 1059 956 1126; x_wconf 89' lang='grc' dir='ltr'><strong><em>ούκ</em></strong></span> <span class='ocrx_word' id='word_1_56' title='bbox 978 1059 1042 1144; x_wconf 85' lang='grc' dir='ltr'><strong><em>ἐγὼ</em></strong></span> <span class='ocrx_word' id='word_1_57' title='bbox 1063 1071 1152 1146; x_wconf 81' lang='grc' dir='ltr'><strong><em>πρῶ-</em></strong></span> 
     </span>
     <span class='ocr_line' id='line_1_9' title="bbox 131 1164 1152 1251; baseline 0.003 -20"><span class='ocrx_word' id='word_1_58' title='bbox 131 1190 190 1243; x_wconf 88' lang='grc' dir='ltr'><strong><em>τος</em></strong></span> <span class='ocrx_word' id='word_1_59' title='bbox 218 1164 340 1251; x_wconf 82' lang='grc' dir='ltr'><strong><em>ἐπέβην</em></strong></span> <span class='ocrx_word' id='word_1_60' title='bbox 366 1166 387 1250; x_wconf 75' lang='grc' dir='ltr'><em>ἢ</em></span> <span class='ocrx_word' id='word_1_61' title='bbox 415 1168 517 1250; x_wconf 88' lang='grc' dir='ltr'><strong><em>μόνος</em></strong></span> <span class='ocrx_word' id='word_1_62' title='bbox 543 1165 564 1249; x_wconf 72' lang='grc' dir='ltr'><strong><em>ἢ</em></strong></span> <span class='ocrx_word' id='word_1_63' title='bbox 589 1168 652 1232; x_wconf 84' lang='grc' dir='ltr'><strong><em>σὺν</em></strong></span> <span class='ocrx_word' id='word_1_64' title='bbox 675 1166 814 1249; x_wconf 75' lang='grc' dir='ltr'><strong><em>ὀλίγοις,</em></strong></span> <span class='ocrx_word' id='word_1_65' title='bbox 843 1167 919 1232; x_wconf 76' lang='grc' dir='ltr'><strong><em>οὔτε</em></strong></span> <span class='ocrx_word' id='word_1_66' title='bbox 941 1167 1032 1251; x_wconf 73' lang='grc' dir='ltr'><strong><em>φυγὴ</em></strong></span> <span class='ocrx_word' id='word_1_67' title='bbox 1054 1173 1152 1234; x_wconf 87' lang='grc' dir='ltr'><strong><em>πολε-</em></strong></span> 
     </span>
     <span class='ocr_line' id='line_1_10' title="bbox 132 1267 1151 1358; baseline 0.002 -20"><span class='ocrx_word' id='word_1_68' title='bbox 132 1276 222 1358; x_wconf 87' lang='grc' dir='ltr'><strong><em>μίων</em></strong></span> <span class='ocrx_word' id='word_1_69' title='bbox 250 1271 287 1337; x_wconf 83' lang='grc' dir='ltr'><strong><em>ἐκ</em></strong></span> <span class='ocrx_word' id='word_1_70' title='bbox 308 1270 517 1358; x_wconf 84' lang='grc' dir='ltr'><strong><em>παρατάξεως</em></strong></span> <span class='ocrx_word' id='word_1_71' title='bbox 544 1270 691 1356; x_wconf 79' lang='grc' dir='ltr'><strong><em>ἐγένετο,</em></strong></span> <span class='ocrx_word' id='word_1_72' title='bbox 718 1267 757 1354; x_wconf 71' lang='grc' dir='ltr'><strong><em>ἧς</em></strong></span> <span class='ocrx_word' id='word_1_73' title='bbox 784 1271 845 1338; x_wconf 87' lang='grc' dir='ltr'><strong><em>οὐκ</em></strong></span> <span class='ocrx_word' id='word_1_74' title='bbox 872 1268 929 1356; x_wconf 74' lang='grc' dir='ltr'><strong><em>ἐμὲ</em></strong></span> <span class='ocrx_word' id='word_1_75' title='bbox 956 1273 1151 1340; x_wconf 78' lang='grc' dir='ltr'><strong><em>αἰτιώτατον</em></strong></span> 
     </span>
     <span class='ocr_line' id='line_1_11' title="bbox 130 1374 1192 1464; baseline -0.005 -20"><span class='ocrx_word' id='word_1_76' title='bbox 130 1377 294 1462; x_wconf 79' lang='grc' dir='ltr'><strong><em>γενέσθαι</em></strong></span> <span class='ocrx_word' id='word_1_77' title='bbox 324 1378 445 1456; x_wconf 89' lang='grc' dir='ltr'><strong><em>πάντες</em></strong></span> <span class='ocrx_word' id='word_1_78' title='bbox 473 1379 508 1443; x_wconf 89' lang='grc' dir='ltr'><strong><em>οί</em></strong></span> <span class='ocrx_word' id='word_1_79' title='bbox 533 1381 695 1464; x_wconf 78' lang='grc' dir='ltr'><strong><em>παρόντες</em></strong></span> <span class='ocrx_word' id='word_1_80' title='bbox 721 1378 932 1463; x_wconf 83' lang='grc' dir='ltr'><strong><em>ὡμολόγουν,</em></strong></span> <span class='ocrx_word' id='word_1_81' title='bbox 964 1374 1037 1443; x_wconf 80' lang='grc' dir='ltr'><strong><em>οὔτ’</em></strong></span> <span class='ocrx_word' id='word_1_82' title='bbox 1067 1379 1149 1445; x_wconf 86' lang='grc' dir='ltr'><strong><em>άλλο</em></strong></span> <span class='ocrx_word' id='word_1_83' title='bbox 1165 1403 1192 1440; x_wconf 79' lang='grc' dir='ltr'><strong><em>ιο</em></strong></span> 
     </span>
     <span class='ocr_line' id='line_1_12' title="bbox 130 1480 1150 1570; baseline -0.004 -18"><span class='ocrx_word' id='word_1_84' title='bbox 130 1495 202 1552; x_wconf 81' lang='grc' dir='ltr'><strong><em>τῶν</em></strong></span> <span class='ocrx_word' id='word_1_85' title='bbox 228 1490 390 1570; x_wconf 82' lang='grc' dir='ltr'><strong><em>λαμπρῶν</em></strong></span> <span class='ocrx_word' id='word_1_86' title='bbox 416 1483 437 1568; x_wconf 75' lang='grc' dir='ltr'><em>ἢ</em></span> <span class='ocrx_word' id='word_1_87' title='bbox 465 1488 630 1567; x_wconf 84' lang='grc' dir='ltr'><strong><em>γενναίων</em></strong></span> <span class='ocrx_word' id='word_1_88' title='bbox 657 1481 695 1549; x_wconf 85' lang='grc' dir='ltr'><strong><em>ἐν</em></strong></span> <span class='ocrx_word' id='word_1_89' title='bbox 721 1481 878 1568; x_wconf 80' lang='grc' dir='ltr'><strong><em>πολέμοις</em></strong></span> <span class='ocrx_word' id='word_1_90' title='bbox 908 1485 1016 1568; x_wconf 80' lang='grc' dir='ltr'><strong><em>ἔργων</em></strong></span> <span class='ocrx_word' id='word_1_91' title='bbox 1044 1480 1150 1549; x_wconf 72' lang='grc' dir='ltr'><strong><em>οὐθὲν</em></strong></span> 
     </span>
     <span class='ocr_line' id='line_1_13' title="bbox 128 1587 1150 1676; baseline -0.002 -20"><span class='ocrx_word' id='word_1_92' title='bbox 128 1593 216 1657; x_wconf 71' lang='grc' dir='ltr'><strong><em>ἄνευ</em></strong></span> <span class='ocrx_word' id='word_1_93' title='bbox 246 1600 303 1674; x_wconf 78' lang='grc' dir='ltr'><strong><em>τῆς</em></strong></span> <span class='ocrx_word' id='word_1_94' title='bbox 329 1590 409 1674; x_wconf 83' lang='grc' dir='ltr'><strong><em>ἐμῆς</em></strong></span> <span class='ocrx_word' id='word_1_95' title='bbox 435 1587 495 1655; x_wconf 84' lang='grc' dir='ltr'><strong><em>εἴτ’</em></strong></span> <span class='ocrx_word' id='word_1_96' title='bbox 527 1590 702 1674; x_wconf 85' lang='grc' dir='ltr'><strong><em>εὐτολμίας</em></strong></span> <span class='ocrx_word' id='word_1_97' title='bbox 728 1587 788 1656; x_wconf 84' lang='grc' dir='ltr'><strong><em>εἴτ’</em></strong></span> <span class='ocrx_word' id='word_1_98' title='bbox 815 1590 968 1676; x_wconf 83' lang='grc' dir='ltr'><strong><em>εὐτυχίας</em></strong></span> <span class='ocrx_word' id='word_1_99' title='bbox 989 1588 1150 1675; x_wconf 78' lang='grc' dir='ltr'><strong><em>ἐπράχθη.</em></strong></span> 
     </span>
     <span class='ocr_line' id='line_1_14' title="bbox 201 1692 1150 1784; baseline 0.002 -22"><span class='ocrx_word' id='word_1_100' title='bbox 201 1696 304 1762; x_wconf 88' lang='lat' dir='ltr'>XXX.</span> <span class='ocrx_word' id='word_1_101' title='bbox 340 1694 408 1761; x_wconf 85' lang='grc' dir='ltr'><strong><em>Καὶ</em></strong></span> <span class='ocrx_word' id='word_1_102' title='bbox 430 1694 525 1762; x_wconf 82' lang='grc' dir='ltr'><strong><em>ταυτὶ</em></strong></span> <span class='ocrx_word' id='word_1_103' title='bbox 547 1692 609 1780; x_wconf 70' lang='grc' dir='ltr'><strong><em>μὲν</em></strong></span> <span class='ocrx_word' id='word_1_104' title='bbox 633 1702 711 1774; x_wconf 84' lang='grc' dir='ltr'><strong><em>ἴσως</em></strong></span> <span class='ocrx_word' id='word_1_105' title='bbox 733 1695 777 1762; x_wconf 80' lang='grc' dir='ltr'><strong><em>άυ</em></strong></span> <span class='ocrx_word' id='word_1_106' title='bbox 799 1699 868 1783; x_wconf 82' lang='grc' dir='ltr'><strong><em>ἐχοι</em></strong></span> <span class='ocrx_word' id='word_1_107' title='bbox 890 1720 940 1774; x_wconf 92' lang='grc' dir='ltr'><strong><em>τις</em></strong></span> <span class='ocrx_word' id='word_1_108' title='bbox 961 1694 1018 1762; x_wconf 76' lang='grc' dir='ltr'><strong><em>καὶ</em></strong></span> <span class='ocrx_word' id='word_1_109' title='bbox 1040 1696 1150 1784; x_wconf 78' lang='grc' dir='ltr'><strong><em>ἕτερος</em></strong></span> 
     </span>
     <span class='ocr_line' id='line_1_15' title="bbox 129 1800 1150 1888; baseline 0 -19"><span class='ocrx_word' id='word_1_110' title='bbox 129 1800 217 1888; x_wconf 70' lang='grc' dir='ltr'><strong><em>ὑπὲρ</em></strong></span> <span class='ocrx_word' id='word_1_111' title='bbox 241 1804 346 1869; x_wconf 85' lang='grc' dir='ltr'><strong><em>αὑτοῦ</em></strong></span> <span class='ocrx_word' id='word_1_112' title='bbox 366 1813 521 1886; x_wconf 81' lang='grc' dir='ltr'><strong><em>γενναῖος</em></strong></span> <span class='ocrx_word' id='word_1_113' title='bbox 543 1801 641 1888; x_wconf 84' lang='grc' dir='ltr'><strong><em>άνηρ,</em></strong></span> <span class='ocrx_word' id='word_1_114' title='bbox 664 1805 695 1868; x_wconf 89' lang='grc' dir='ltr'><strong><em>εί</em></strong></span> <span class='ocrx_word' id='word_1_115' title='bbox 711 1803 755 1887; x_wconf 80' lang='grc' dir='ltr'><strong><em>μη</em></strong></span> <span class='ocrx_word' id='word_1_116' title='bbox 774 1801 830 1868; x_wconf 79' lang='grc' dir='ltr'><strong><em>καὶ</em></strong></span> <span class='ocrx_word' id='word_1_117' title='bbox 847 1811 1003 1887; x_wconf 84' lang='grc' dir='ltr'><strong><em>τοσαῦτα,</em></strong></span> <span class='ocrx_word' id='word_1_118' title='bbox 1025 1800 1150 1886; x_wconf 78' lang='grc' dir='ltr'><strong><em>λέγειν·</em></strong></span> 
     </span>
     <span class='ocr_line' id='line_1_16' title="bbox 130 1905 1195 1996; baseline -0.006 -21"><span class='ocrx_word' id='word_1_119' title='bbox 130 1909 218 1976; x_wconf 81' lang='grc' dir='ltr'><strong><em>άλλά</em></strong></span> <span class='ocrx_word' id='word_1_120' title='bbox 245 1912 346 1975; x_wconf 90' lang='grc' dir='ltr'><strong><em>πόλιν</em></strong></span> <span class='ocrx_word' id='word_1_121' title='bbox 372 1909 455 1992; x_wconf 85' lang='grc' dir='ltr'><strong><em>ὅλην</em></strong></span> <span class='ocrx_word' id='word_1_122' title='bbox 481 1911 532 1986; x_wconf 88' lang='grc' dir='ltr'><strong><em>τίς</em></strong></span> <span class='ocrx_word' id='word_1_123' title='bbox 563 1905 692 1975; x_wconf 57' lang='grc' dir='ltr'><strong><em>όύναιτῗ</em></strong></span> <span class='ocrx_word' id='word_1_124' title='bbox 724 1909 767 1975; x_wconf 84' lang='grc' dir='ltr'><strong><em>άν</em></strong></span> <span class='ocrx_word' id='word_1_125' title='bbox 793 1913 1024 1996; x_wconf 73' lang='grc' dir='ltr'><strong><em>καυχήσασθαι</em></strong></span> <span class='ocrx_word' id='word_1_126' title='bbox 1053 1925 1150 1994; x_wconf 90' lang='grc' dir='ltr'><strong><em>στρα-</em></strong></span> <span class='ocrx_word' id='word_1_127' title='bbox 1164 1931 1195 1970; x_wconf 79' lang='grc' dir='ltr'><strong><em>ιε·</em></strong></span> 
     </span>
     <span class='ocr_line' id='line_1_17' title="bbox 129 2013 1149 2102; baseline -0.004 -20"><span class='ocrx_word' id='word_1_128' title='bbox 129 2017 233 2102; x_wconf 85' lang='grc' dir='ltr'><strong><em>τηγὸς</em></strong></span> <span class='ocrx_word' id='word_1_129' title='bbox 258 2015 280 2100; x_wconf 75' lang='grc' dir='ltr'><em>ἢ</em></span> <span class='ocrx_word' id='word_1_130' title='bbox 308 2017 450 2101; x_wconf 88' lang='grc' dir='ltr'><strong><em>λοχαγὸς</em></strong></span> <span class='ocrx_word' id='word_1_131' title='bbox 476 2013 578 2098; x_wconf 85' lang='grc' dir='ltr'><strong><em>ἑλών,</em></strong></span> <span class='ocrx_word' id='word_1_132' title='bbox 605 2014 715 2100; x_wconf 81' lang='grc' dir='ltr'><strong><em>ὥσπερ</em></strong></span> <span class='ocrx_word' id='word_1_133' title='bbox 743 2013 807 2097; x_wconf 83' lang='grc' dir='ltr'><strong><em>ἐγὼ</em></strong></span> <span class='ocrx_word' id='word_1_134' title='bbox 834 2015 895 2100; x_wconf 82' lang='grc' dir='ltr'><strong><em>την</em></strong></span> <span class='ocrx_word' id='word_1_135' title='bbox 919 2017 1149 2100; x_wconf 79' lang='grc' dir='ltr'><strong><em>Κοριολανῶν,</em></strong></span> 
     </span>
     <span class='ocr_line' id='line_1_18' title="bbox 129 2116 1149 2205; baseline -0.001 -17"><span class='ocrx_word' id='word_1_136' title='bbox 129 2121 189 2188; x_wconf 82' lang='grc' dir='ltr'><strong><em>καὶ</em></strong></span> <span class='ocrx_word' id='word_1_137' title='bbox 215 2131 274 2205; x_wconf 79' lang='grc' dir='ltr'><strong><em>τῆς</em></strong></span> <span class='ocrx_word' id='word_1_138' title='bbox 301 2120 400 2204; x_wconf 78' lang='grc' dir='ltr'><strong><em>αὐτῆς</em></strong></span> <span class='ocrx_word' id='word_1_139' title='bbox 426 2116 550 2204; x_wconf 76' lang='grc' dir='ltr'><strong><em>ἡμέρας</em></strong></span> <span class='ocrx_word' id='word_1_140' title='bbox 576 2118 595 2186; x_wconf 88' lang='grc' dir='ltr'>ὁ</span> <span class='ocrx_word' id='word_1_141' title='bbox 623 2119 722 2196; x_wconf 84' lang='grc' dir='ltr'><strong><em>αὐτὸς</em></strong></span> <span class='ocrx_word' id='word_1_142' title='bbox 748 2118 833 2205; x_wconf 78' lang='grc' dir='ltr'><strong><em>ἀνὴρ</em></strong></span> <span class='ocrx_word' id='word_1_143' title='bbox 866 2119 1024 2204; x_wconf 83' lang='grc' dir='ltr'><strong><em>στρατιὰν</em></strong></span> <span class='ocrx_word' id='word_1_144' title='bbox 1051 2125 1149 2187; x_wconf 86' lang='grc' dir='ltr'><strong><em>πολε-</em></strong></span> 
     </span>
     <span class='ocr_line' id='line_1_19' title="bbox 130 2223 1149 2314; baseline -0.001 -21"><span class='ocrx_word' id='word_1_145' title='bbox 130 2233 220 2314; x_wconf 88' lang='grc' dir='ltr'><strong><em>μίων</em></strong></span> <span class='ocrx_word' id='word_1_146' title='bbox 242 2227 458 2312; x_wconf 81' lang='grc' dir='ltr'><strong><em>τρεψάμενος,</em></strong></span> <span class='ocrx_word' id='word_1_147' title='bbox 482 2227 591 2312; x_wconf 80' lang='grc' dir='ltr'><strong><em>ὥσπερ</em></strong></span> <span class='ocrx_word' id='word_1_148' title='bbox 610 2224 674 2309; x_wconf 85' lang='grc' dir='ltr'><strong><em>ἐγὼ</em></strong></span> <span class='ocrx_word' id='word_1_149' title='bbox 693 2228 754 2311; x_wconf 77' lang='grc' dir='ltr'><strong><em>τὴν</em></strong></span> <span class='ocrx_word' id='word_1_150' title='bbox 774 2223 952 2291; x_wconf 83' lang='grc' dir='ltr'><strong><em>Ἀντιατῶν</em></strong></span> <span class='ocrx_word' id='word_1_151' title='bbox 970 2224 1149 2313; x_wconf 79' lang='grc' dir='ltr'><strong><em>ἐπίκουρον</em></strong></span> 
     </span>
     <span class='ocr_line' id='line_1_20' title="bbox 129 2329 1185 2419; baseline 0.002 -19"><span class='ocrx_word' id='word_1_152' title='bbox 129 2346 203 2412; x_wconf 82' lang='grc' dir='ltr'><strong><em>τοῖς</em></strong></span> <span class='ocrx_word' id='word_1_153' title='bbox 222 2329 520 2419; x_wconf 84' lang='grc' dir='ltr'><strong><em>πολιορκουμένοις</em></strong></span> <span class='ocrx_word' id='word_1_154' title='bbox 545 2330 764 2417; x_wconf 85' lang='grc' dir='ltr'><strong><em>άφικομένην;</em></strong></span> <span class='ocrx_word' id='word_1_155' title='bbox 793 2331 835 2398; x_wconf 85' lang='grc' dir='ltr'><strong><em>ἐῶ</em></strong></span> <span class='ocrx_word' id='word_1_156' title='bbox 858 2333 922 2417; x_wconf 81' lang='grc' dir='ltr'><strong><em>γάρ</em></strong></span> <span class='ocrx_word' id='word_1_157' title='bbox 945 2330 1070 2418; x_wconf 81' lang='grc' dir='ltr'><strong><em>λέγειν,</em></strong></span> <span class='ocrx_word' id='word_1_158' title='bbox 1097 2333 1185 2402; x_wconf 70' lang='grc' dir='ltr'><strong><em>ὅτιθ</em></strong></span> 
     </span>
     <span class='ocr_line' id='line_1_21' title="bbox 129 2436 1188 2525; baseline -0.005 -18"><span class='ocrx_word' id='word_1_159' title='bbox 129 2441 287 2516; x_wconf 86' lang='grc' dir='ltr'><strong><em>τοιαύτας</em></strong></span> <span class='ocrx_word' id='word_1_160' title='bbox 313 2437 431 2525; x_wconf 82' lang='grc' dir='ltr'><strong><em>ἀρετάς</em></strong></span> <span class='ocrx_word' id='word_1_161' title='bbox 462 2436 734 2522; x_wconf 76' lang='grc' dir='ltr'><strong><em>ἀποδειξάμενος,</em></strong></span> <span class='ocrx_word' id='word_1_162' title='bbox 769 2436 844 2516; x_wconf 83' lang='grc' dir='ltr'><strong><em>ἐξόν</em></strong></span> <span class='ocrx_word' id='word_1_163' title='bbox 876 2461 933 2522; x_wconf 92' lang='grc' dir='ltr'><strong><em>μοι</em></strong></span> <span class='ocrx_word' id='word_1_164' title='bbox 964 2441 1080 2524; x_wconf 88' lang='grc' dir='ltr'><strong><em>λαβεῖν</em></strong></span> <span class='ocrx_word' id='word_1_165' title='bbox 1111 2438 1148 2505; x_wconf 84' lang='grc' dir='ltr'><strong><em>ἐκ</em></strong></span> <span class='ocrx_word' id='word_1_166' title='bbox 1162 2463 1188 2502; x_wconf 77' lang='grc' dir='ltr'><strong><em>εο</em></strong></span> 
     </span>
     <span class='ocr_line' id='line_1_22' title="bbox 128 2540 1148 2632; baseline -0.003 -18"><span class='ocrx_word' id='word_1_167' title='bbox 128 2559 200 2614; x_wconf 80' lang='grc' dir='ltr'><strong><em>τῶν</em></strong></span> <span class='ocrx_word' id='word_1_168' title='bbox 227 2545 389 2630; x_wconf 87' lang='grc' dir='ltr'><strong><em>λαφύρων</em></strong></span> <span class='ocrx_word' id='word_1_169' title='bbox 416 2547 523 2610; x_wconf 84' lang='grc' dir='ltr'><strong><em>πολύν</em></strong></span> <span class='ocrx_word' id='word_1_170' title='bbox 550 2540 612 2628; x_wconf 74' lang='grc' dir='ltr'><strong><em>μὲν</em></strong></span> <span class='ocrx_word' id='word_1_171' title='bbox 638 2545 778 2630; x_wconf 90' lang='grc' dir='ltr'><strong><em>χρυσόν,</em></strong></span> <span class='ocrx_word' id='word_1_172' title='bbox 805 2545 914 2610; x_wconf 83' lang='grc' dir='ltr'><strong><em>πολὺν</em></strong></span> <span class='ocrx_word' id='word_1_173' title='bbox 941 2541 971 2608; x_wconf 79' lang='grc' dir='ltr'><strong><em>δ’</em></strong></span> <span class='ocrx_word' id='word_1_174' title='bbox 999 2547 1148 2632; x_wconf 79' lang='grc' dir='ltr'><strong><em>ἄργυρον</em></strong></span> 
     </span>
     <span class='ocr_line' id='line_1_23' title="bbox 130 2639 1149 2738; baseline -0.005 -18"><span class='ocrx_word' id='word_1_175' title='bbox 130 2639 328 2738; x_wconf 77' lang='grc' dir='ltr'><strong><em>ἀνδράποδά</em></strong></span> <span class='ocrx_word' id='word_1_176' title='bbox 354 2673 389 2716; x_wconf 85' lang='grc' dir='ltr'><strong><em>τε</em></strong></span> <span class='ocrx_word' id='word_1_177' title='bbox 416 2649 472 2716; x_wconf 79' lang='grc' dir='ltr'><strong><em>καὶ</em></strong></span> <span class='ocrx_word' id='word_1_178' title='bbox 498 2651 658 2734; x_wconf 80' lang='grc' dir='ltr'><strong><em>ὑποζύγια</em></strong></span> <span class='ocrx_word' id='word_1_179' title='bbox 689 2647 745 2715; x_wconf 79' lang='grc' dir='ltr'><strong><em>καὶ</em></strong></span> <span class='ocrx_word' id='word_1_180' title='bbox 776 2652 966 2735; x_wconf 79' lang='grc' dir='ltr'><strong><em>βοσκήματα</em></strong></span> <span class='ocrx_word' id='word_1_181' title='bbox 997 2648 1052 2715; x_wconf 79' lang='grc' dir='ltr'><strong><em>καὶ</em></strong></span> <span class='ocrx_word' id='word_1_182' title='bbox 1083 2659 1149 2734; x_wconf 74' lang='grc' dir='ltr'><strong><em>γῆν</em></strong></span> 
     </span>
     <span class='ocr_line' id='line_1_24' title="bbox 58 2753 1148 2843; baseline -0.004 -17"><span class='ocrx_word' id='word_1_183' title='bbox 58 2761 259 2843; x_wconf 73' lang='grc' dir='ltr'><strong><em>1571πολλην</em></strong></span> <span class='ocrx_word' id='word_1_184' title='bbox 283 2755 338 2824; x_wconf 82' lang='grc' dir='ltr'><strong><em>καὶ</em></strong></span> <span class='ocrx_word' id='word_1_185' title='bbox 361 2755 494 2840; x_wconf 78' lang='grc' dir='ltr'><strong><em>άγαθην</em></strong></span> <span class='ocrx_word' id='word_1_186' title='bbox 513 2756 575 2822; x_wconf 82' lang='grc' dir='ltr'><strong><em>οὐκ</em></strong></span> <span class='ocrx_word' id='word_1_187' title='bbox 597 2755 733 2841; x_wconf 77' lang='grc' dir='ltr'><strong><em>ἠξίωσα,</em></strong></span> <span class='ocrx_word' id='word_1_188' title='bbox 756 2753 830 2821; x_wconf 81' lang='grc' dir='ltr'><strong><em>ἀλλ’</em></strong></span> <span class='ocrx_word' id='word_1_189' title='bbox 852 2755 1084 2841; x_wconf 84' lang='grc' dir='ltr'><strong><em>ἀνεπίφθονον</em></strong></span> <span class='ocrx_word' id='word_1_190' title='bbox 1103 2757 1148 2834; x_wconf 79' lang='grc' dir='ltr'><strong><em>ὡς</em></strong></span> 
     </span>
     <span class='ocr_line' id='line_1_25' title="bbox 130 2860 1147 2952; baseline -0.006 -20"><span class='ocrx_word' id='word_1_191' title='bbox 130 2866 274 2952; x_wconf 88' lang='grc' dir='ltr'><strong><em>μάλιστα</em></strong></span> <span class='ocrx_word' id='word_1_192' title='bbox 309 2860 490 2948; x_wconf 79' lang='grc' dir='ltr'><strong><em>βουληθεὶς</em></strong></span> <span class='ocrx_word' id='word_1_193' title='bbox 525 2861 668 2947; x_wconf 86' lang='grc' dir='ltr'><strong><em>ἐμαυτὸν</em></strong></span> <span class='ocrx_word' id='word_1_194' title='bbox 708 2874 907 2948; x_wconf 80' lang='grc' dir='ltr'><strong><em>παρασχεῖν,</em></strong></span> <span class='ocrx_word' id='word_1_195' title='bbox 946 2862 1147 2946; x_wconf 77' lang='grc' dir='ltr'><strong><em>πολεμιστὴν</em></strong></span> 
     </span>
     <span class='ocr_line' id='line_1_26' title="bbox 129 2964 1188 3055; baseline -0.008 -16"><span class='ocrx_word' id='word_1_196' title='bbox 129 2974 234 3038; x_wconf 76' lang='grc' dir='ltr'><strong><em>ἵππον</em></strong></span> <span class='ocrx_word' id='word_1_197' title='bbox 267 2969 325 3036; x_wconf 76' lang='grc' dir='ltr'><strong><em>ἕνα</em></strong></span> <span class='ocrx_word' id='word_1_198' title='bbox 355 2971 460 3053; x_wconf 90' lang='grc' dir='ltr'><strong><em>μόνον</em></strong></span> <span class='ocrx_word' id='word_1_199' title='bbox 491 2966 527 3032; x_wconf 89' lang='grc' dir='ltr'><strong><em>ἐκ</em></strong></span> <span class='ocrx_word' id='word_1_200' title='bbox 560 2977 628 3034; x_wconf 83' lang='grc' dir='ltr'><strong><em>τῶν</em></strong></span> <span class='ocrx_word' id='word_1_201' title='bbox 659 2969 818 3055; x_wconf 86' lang='grc' dir='ltr'><strong><em>λαφύρων</em></strong></span> <span class='ocrx_word' id='word_1_202' title='bbox 848 2970 970 3051; x_wconf 80' lang='grc' dir='ltr'><strong><em>ἔλαβον</em></strong></span> <span class='ocrx_word' id='word_1_203' title='bbox 1000 2964 1056 3033; x_wconf 82' lang='grc' dir='ltr'><strong><em>καὶ</em></strong></span> <span class='ocrx_word' id='word_1_204' title='bbox 1087 2970 1147 3033; x_wconf 88' lang='grc' dir='ltr'><strong><em>τὸν</em></strong></span> <span class='ocrx_word' id='word_1_205' title='bbox 1161 2990 1188 3031; x_wconf 78' lang='lat'><strong><em>25</em></strong></span> 
     </span>
     <span class='ocr_line' id='line_1_27' title="bbox 129 3070 1147 3162; baseline -0.004 -18"><span class='ocrx_word' id='word_1_206' title='bbox 129 3076 279 3162; x_wconf 75' lang='grc' dir='ltr'><strong><em>ἐμαιποῦ</em></strong></span> <span class='ocrx_word' id='word_1_207' title='bbox 297 3072 394 3153; x_wconf 76' lang='grc' dir='ltr'><strong><em>ξένον</em></strong></span> <span class='ocrx_word' id='word_1_208' title='bbox 412 3071 449 3139; x_wconf 91' lang='grc' dir='ltr'><strong><em>ἐκ</em></strong></span> <span class='ocrx_word' id='word_1_209' title='bbox 465 3083 534 3138; x_wconf 81' lang='grc' dir='ltr'><strong><em>τῶν</em></strong></span> <span class='ocrx_word' id='word_1_210' title='bbox 552 3073 780 3160; x_wconf 76' lang='grc' dir='ltr'><strong><em>αἰχμαλώτων,</em></strong></span> <span class='ocrx_word' id='word_1_211' title='bbox 798 3075 857 3140; x_wconf 86' lang='grc' dir='ltr'><strong><em>τὸν</em></strong></span> <span class='ocrx_word' id='word_1_212' title='bbox 875 3070 909 3138; x_wconf 82' lang='grc' dir='ltr'><strong><em>δ’</em></strong></span> <span class='ocrx_word' id='word_1_213' title='bbox 927 3074 1030 3140; x_wconf 87' lang='grc' dir='ltr'><strong><em>όίλλον</em></strong></span> <span class='ocrx_word' id='word_1_214' title='bbox 1044 3079 1147 3140; x_wconf 85' lang='grc' dir='ltr'><strong><em>πλοῦ-</em></strong></span> 
     </span>
    </p>
   </div>
   <div class='ocr_carea' id='block_1_3' title="bbox 128 3225 1147 3441">
    <p class='ocr_par' dir='ltr' id='par_1_3' title="bbox 128 3225 1147 3441">
     <span class='ocr_line' id='line_1_28' title="bbox 201 3225 1145 3320; baseline 0 -35"><span class='ocrx_word' id='word_1_215' title='bbox 201 3238 218 3286; x_wconf 80' lang='grc' dir='ltr'><strong>ῠ</strong></span> <span class='ocrx_word' id='word_1_216' title='bbox 237 3229 441 3318; x_wconf 63' lang='grc' dir='ltr'><strong><em>ἠγωνχσάμεθα</em></strong></span> <span class='ocrx_word' id='word_1_217' title='bbox 460 3228 641 3318; x_wconf 53' lang='grc' dir='ltr'><strong><em>0.,Κὶθεε11ος</em></strong></span> <span class='ocrx_word' id='word_1_218' title='bbox 695 3235 711 3284; x_wconf 88' lang='grc'>8</span> <span class='ocrx_word' id='word_1_219' title='bbox 729 3229 745 3264; x_wconf 83' lang='grc'><em>*</em></span> <span class='ocrx_word' id='word_1_220' title='bbox 759 3225 863 3303; x_wconf 77' lang='grc' dir='ltr'><strong><em>ἐπέβην</em></strong></span> <span class='ocrx_word' id='word_1_221' title='bbox 877 3227 896 3320; x_wconf 61' lang='grc' dir='ltr'><strong>ᾗ</strong></span> <span class='ocrx_word' id='word_1_222' title='bbox 910 3230 962 3285; x_wconf 75' lang='grc' dir='ltr'><strong><em>σὺν</em></strong></span> <span class='ocrx_word' id='word_1_223' title='bbox 976 3229 1079 3300; x_wconf 79' lang='grc' dir='ltr'><strong><em>ὀλίγοις</em></strong></span> <span class='ocrx_word' id='word_1_224' title='bbox 1092 3231 1145 3285; x_wconf 88' lang='grc' dir='ltr'><strong><em>ΑΒ</em></strong></span> 
     </span>
     <span class='ocr_line' id='line_1_29' title="bbox 129 3299 1147 3374; baseline -0.002 -15"><span class='ocrx_word' id='word_1_225' title='bbox 129 3300 151 3360; x_wconf 78' lang='grc' dir='ltr'><strong><em>ί.</em></strong></span> <span class='ocrx_word' id='word_1_226' title='bbox 171 3300 190 3370; x_wconf 79' lang='grc' dir='ltr'><strong>ἢ</strong></span> <span class='ocrx_word' id='word_1_227' title='bbox 205 3301 303 3374; x_wconf 86' lang='grc' dir='ltr'><strong><em>μόνοις</em></strong></span> <span class='ocrx_word' id='word_1_228' title='bbox 317 3321 334 3369; x_wconf 91' lang='grc' dir='ltr'><strong><em>η</em></strong></span> <span class='ocrx_word' id='word_1_229' title='bbox 350 3319 373 3356; x_wconf 86' lang='grc' dir='ltr'><strong><em>σ.</em></strong></span> <span class='ocrx_word' id='word_1_230' title='bbox 389 3301 413 3356; x_wconf 88' lang='grc' dir='ltr'><strong><em>ό.</em></strong></span> <span class='ocrx_word' id='word_1_231' title='bbox 429 3299 448 3354; x_wconf 83' lang='lat'>0</span> <span class='ocrx_word' id='word_1_232' title='bbox 463 3319 548 3370; x_wconf 85' lang='grc' dir='ltr'><strong><em>μονος</em></strong></span> <span class='ocrx_word' id='word_1_233' title='bbox 561 3300 722 3356; x_wconf 75' lang='lat' dir='ltr'><strong>addendum</strong></span> <span class='ocrx_word' id='word_1_234' title='bbox 736 3317 798 3356; x_wconf 81' lang='lat' dir='ltr'>esse</span> <span class='ocrx_word' id='word_1_235' title='bbox 816 3303 867 3355; x_wconf 78' lang='grc' dir='ltr'><strong><em>παῖ</em></strong></span> <span class='ocrx_word' id='word_1_236' title='bbox 880 3321 897 3369; x_wconf 90' lang='grc' dir='ltr'><strong><em>η</em></strong></span> <span class='ocrx_word' id='word_1_237' title='bbox 913 3301 965 3356; x_wconf 76' lang='grc' dir='ltr'><strong><em>σὺν</em></strong></span> <span class='ocrx_word' id='word_1_238' title='bbox 979 3301 1026 3357; x_wconf 85' lang='grc' dir='ltr'><strong><em>όλί</em></strong></span> <span class='ocrx_word' id='word_1_239' title='bbox 1040 3322 1083 3366; x_wconf 83' lang='grc' dir='ltr'><strong><em>οις</em></strong></span> <span class='ocrx_word' id='word_1_240' title='bbox 1097 3303 1147 3357; x_wconf 81' lang='lat' dir='ltr'><strong><em>de-</em></strong></span> 
     </span>
     <span class='ocr_line' id='line_1_30' title="bbox 128 3370 1145 3441; baseline 0.002 -13"><span class='ocrx_word' id='word_1_241' title='bbox 128 3373 247 3429; x_wconf 75' lang='lat' dir='ltr'>lendum</span> <span class='ocrx_word' id='word_1_242' title='bbox 266 3389 326 3428; x_wconf 76' lang='lat' dir='ltr'>esse</span> <span class='ocrx_word' id='word_1_243' title='bbox 345 3374 441 3428; x_wconf 75' lang='lat' dir='ltr'>censet</span> <span class='ocrx_word' id='word_1_244' title='bbox 458 3371 581 3426; x_wconf 78' lang='lat' dir='ltr'>Reudlor</span> <span class='ocrx_word' id='word_1_245' title='bbox 598 3370 688 3426; x_wconf 74' lang='grc' dir='ltr'><strong><em>Τίτου.</em></strong></span> <span class='ocrx_word' id='word_1_246' title='bbox 708 3373 769 3428; x_wconf 80' lang='lat' dir='ltr'>crit.</span> <span class='ocrx_word' id='word_1_247' title='bbox 787 3389 814 3441; x_wconf 89' lang='lat' dir='ltr'><strong><em>p.</em></strong></span> <span class='ocrx_word' id='word_1_248' title='bbox 835 3378 869 3428; x_wconf 79' lang='lat'><strong><em>56</em></strong></span> <span class='ocrx_word' id='word_1_249' title='bbox 943 3380 977 3428; x_wconf 92' lang='lat'><strong><em>10</em></strong></span> <span class='ocrx_word' id='word_1_250' title='bbox 995 3393 1010 3428; x_wconf 92' lang='grc' dir='ltr'><strong><em>ο</em></strong></span> <span class='ocrx_word' id='word_1_251' title='bbox 1030 3393 1059 3430; x_wconf 82' lang='grc' dir='ltr'><strong><em>τε</em></strong></span> <span class='ocrx_word' id='word_1_252' title='bbox 1078 3373 1145 3430; x_wconf 75' lang='grc' dir='ltr'><strong><em>ἄλλο</em></strong></span> 
     </span>
    </p>
   </div>
   <div class='ocr_carea' id='block_1_4' title="bbox 129 3436 1147 3583">
    <p class='ocr_par' dir='ltr' id='par_1_4' title="bbox 129 3436 1147 3583">
     <span class='ocr_line' id='line_1_31' title="bbox 129 3436 1147 3516; baseline 0.004 -17"><span class='ocrx_word' id='word_1_253' title='bbox 129 3449 207 3514; x_wconf 88' lang='grc' dir='ltr'><strong><em>λαμπ</em></strong></span> <span class='ocrx_word' id='word_1_254' title='bbox 226 3443 259 3498; x_wconf 82' lang='grc' dir='ltr'><strong><em>όν</em></strong></span> <span class='ocrx_word' id='word_1_255' title='bbox 314 3447 446 3513; x_wconf 83' lang='grc' dir='ltr'><strong><em>γενναῖον</em></strong></span> <span class='ocrx_word' id='word_1_256' title='bbox 468 3436 499 3497; x_wconf 78' lang='grc' dir='ltr'><strong><em>ἐν</em></strong></span> <span class='ocrx_word' id='word_1_257' title='bbox 517 3441 585 3498; x_wconf 81' lang='grc' dir='ltr'><strong><em>πολέ</em></strong></span> <span class='ocrx_word' id='word_1_258' title='bbox 607 3463 648 3506; x_wconf 87' lang='grc' dir='ltr'><strong><em>οις</em></strong></span> <span class='ocrx_word' id='word_1_259' title='bbox 667 3441 749 3513; x_wconf 77' lang='grc' dir='ltr'><strong><em>ἔργον</em></strong></span> <span class='ocrx_word' id='word_1_260' title='bbox 768 3441 792 3496; x_wconf 81' lang='grc' dir='ltr'><strong>Α</strong></span> <span class='ocrx_word' id='word_1_261' title='bbox 901 3449 934 3498; x_wconf 89' lang='grc'><strong><em>14</em></strong></span> <span class='ocrx_word' id='word_1_262' title='bbox 954 3442 981 3500; x_wconf 80' lang='grc' dir='ltr'><strong><em>εἰ</em></strong></span> <span class='ocrx_word' id='word_1_263' title='bbox 996 3444 1046 3500; x_wconf 78' lang='grc' dir='ltr'><strong><em>καί</em></strong></span> <span class='ocrx_word' id='word_1_264' title='bbox 1064 3445 1101 3516; x_wconf 85' lang='grc' dir='ltr'><strong><em>μὴ</em></strong></span> <span class='ocrx_word' id='word_1_265' title='bbox 1121 3463 1147 3504; x_wconf 84' lang='lat' dir='ltr'><strong><em>c.</em></strong></span> 
     </span>
     <span class='ocr_line' id='line_1_32' title="bbox 129 3462 610 3583; baseline -0.008 -13"><span class='ocrx_word' id='word_1_266' title='bbox 129 3465 278 3583; x_wconf 52' lang='lat' dir='ltr'>Kiessffing</span> <span class='ocrx_word' id='word_1_267' title='bbox 302 3519 306 3583; x_wconf 85' lang='grc' dir='ltr'>Ι</span> <span class='ocrx_word' id='word_1_268' title='bbox 332 3514 419 3567; x_wconf 80' lang='grc' dir='ltr'><strong><em>αύτοίι</em></strong></span> <span class='ocrx_word' id='word_1_269' title='bbox 437 3511 463 3566; x_wconf 82' lang='grc' dir='ltr'><strong>Α</strong></span> <span class='ocrx_word' id='word_1_270' title='bbox 482 3462 610 3567; x_wconf 44' lang='grc' dir='ltr'><strong><em>αύτούὲ</em></strong></span> 
     </span>
    </p>
   </div>
   <div class='ocr_carea' id='block_1_5' title="bbox 0 0 1334 3976">
    <p class='ocr_par' dir='ltr' id='par_1_5' title="bbox 0 0 1334 3976">
     <span class='ocr_line' id='line_1_33' title="bbox 0 0 1334 3976; baseline 0 2"><span class='ocrx_word' id='word_1_271' title='bbox 0 0 1334 3976; x_wconf 95' lang='lat' dir='ltr'><strong><em> </em></strong></span> 
     </span>
    </p>
   </div>
  </div>
 </body>
</html>
